Date,Channel,Sessions,Transactions,Conversion Rate,AOV,Revenue,CPA,Cost,Month,day,Quarters,Day,Week,Year,BiWeek,Holiday
1/3/2016,Channel A,799,149,0.186522262,45.76,6818,10,682,1,6,Q1,6,53,2016,bw26,na
1/3/2016,Channel B,89,2,0.022346369,61.99,124,32,40,1,6,Q1,6,53,2016,bw26,na
1/3/2016,Channel D,937,87,0.092809791,53.33,4640,18,835,1,6,Q1,6,53,2016,bw26,na
1/3/2016,Channel C,339,48,0.141442716,45.19,2169,12,260,1,6,Q1,6,53,2016,bw26,na
1/4/2016,Channel A,910,156,0.171413502,47.34,7385,10,739,1,0,Q1,0,1,2016,bw1,na
1/4/2016,Channel B,104,2,0.019138756,39.39,79,28,22,1,0,Q1,0,1,2016,bw1,na
1/4/2016,Channel D,1347,132,0.097969362,50.88,6716,15,1007,1,0,Q1,0,1,2016,bw1,na
1/4/2016,Channel C,910,131,0.14399153,45.98,6023,6,361,1,0,Q1,0,1,2016,bw1,na
1/5/2016,Channel C,437,80,0.183114035,44.68,3574,5,179,1,1,Q1,1,1,2016,bw1,na
1/5/2016,Channel A,1136,225,0.198053322,44.76,10071,6,604,1,1,Q1,1,1,2016,bw1,na
1/5/2016,Channel B,128,2,0.015625,50.99,102,24,24,1,1,Q1,1,1,2016,bw1,na
1/5/2016,Channel D,1354,188,0.138859369,50.96,9580,19,1820,1,1,Q1,1,1,2016,bw1,na
1/6/2016,Channel A,2417,581,0.240365515,44.69,25965,10,2596,1,2,Q1,2,1,2016,bw1,na
1/6/2016,Channel B,144,4,0.027692308,44.7,179,18,32,1,2,Q1,2,1,2016,bw1,na
1/6/2016,Channel C,1405,196,0.139534884,48.5,9506,5,475,1,2,Q1,2,1,2016,bw1,na
1/6/2016,Channel D,3312,409,0.123496159,52.01,21272,17,3616,1,2,Q1,2,1,2016,bw1,na
1/7/2016,Channel B,163,6,0.036697248,40.86,245,31,76,1,3,Q1,3,1,2016,bw1,na
1/7/2016,Channel D,3210,410,0.127707244,51.06,20935,19,3978,1,3,Q1,3,1,2016,bw1,na
1/7/2016,Channel C,634,119,0.187736563,48.64,5788,6,347,1,3,Q1,3,1,2016,bw1,na
1/7/2016,Channel A,2372,584,0.246256576,46.28,27028,4,1081,1,3,Q1,3,1,2016,bw1,na
1/8/2016,Channel A,2476,553,0.223299089,47.18,26091,3,783,1,4,Q1,4,1,2016,bw1,na
1/8/2016,Channel D,3288,430,0.13076474,50.44,21689,15,3253,1,4,Q1,4,1,2016,bw1,na
1/8/2016,Channel B,160,11,0.068965517,44.26,487,25,122,1,4,Q1,4,1,2016,bw1,na
1/8/2016,Channel C,2013,268,0.133110687,43.89,11763,9,1059,1,4,Q1,4,1,2016,bw1,na
1/9/2016,Channel B,143,3,0.020979021,42.93,129,33,43,1,5,Q1,5,1,2016,bw1,na
1/9/2016,Channel D,3287,422,0.12839218,52.08,21978,17,3736,1,5,Q1,5,1,2016,bw1,na
1/9/2016,Channel A,2273,507,0.223067174,46.26,23454,4,938,1,5,Q1,5,1,2016,bw1,na
1/9/2016,Channel C,1942,278,0.143175074,44.34,12327,11,1356,1,5,Q1,5,1,2016,bw1,na
1/10/2016,Channel C,683,141,0.206483439,49.07,6919,7,484,1,6,Q1,6,1,2016,bw1,na
1/10/2016,Channel D,3056,388,0.126961707,51.58,20013,12,2402,1,6,Q1,6,1,2016,bw1,na
1/10/2016,Channel A,1922,460,0.23938031,45.51,20935,8,1675,1,6,Q1,6,1,2016,bw1,na
1/10/2016,Channel B,132,10,0.075757576,34.56,346,28,97,1,6,Q1,6,1,2016,bw1,na
1/11/2016,Channel C,1247,150,0.12024587,45.6,6840,8,547,1,0,Q1,0,2,2016,bw1,na
1/11/2016,Channel D,1604,165,0.102848576,52.7,8696,13,1130,1,0,Q1,0,2,2016,bw1,na
1/11/2016,Channel B,122,10,0.081712062,37.26,373,23,86,1,0,Q1,0,2,2016,bw1,na
1/11/2016,Channel A,1037,220,0.21223355,47.4,10428,9,939,1,0,Q1,0,2,2016,bw1,na
1/12/2016,Channel C,574,100,0.174350377,47.68,4768,6,286,1,1,Q1,1,2,2016,bw1,na
1/12/2016,Channel D,1560,204,0.130743139,48.99,9994,17,1699,1,1,Q1,1,2,2016,bw1,na
1/12/2016,Channel A,1105,251,0.227055241,42.84,10753,7,753,1,1,Q1,1,2,2016,bw1,na
1/12/2016,Channel B,121,8,0.066115702,49.97,400,26,104,1,1,Q1,1,2,2016,bw1,na
1/13/2016,Channel A,2509,620,0.247130834,44.14,27367,6,1642,1,2,Q1,2,2,2016,bw1,na
1/13/2016,Channel B,151,10,0.066246057,41.48,415,22,91,1,2,Q1,2,2,2016,bw1,na
1/13/2016,Channel C,1301,196,0.150700074,45.94,9004,5,450,1,2,Q1,2,2,2016,bw1,na
1/13/2016,Channel D,3502,485,0.138493151,51.22,24842,14,3478,1,2,Q1,2,2,2016,bw1,na
1/14/2016,Channel B,147,12,0.081761006,37.06,445,18,80,1,3,Q1,3,2,2016,bw1,na
1/14/2016,Channel C,521,100,0.191919192,49.98,4998,9,450,1,3,Q1,3,2,2016,bw1,na
1/14/2016,Channel D,3450,431,0.124912965,49.63,21391,16,3422,1,3,Q1,3,2,2016,bw1,na
1/14/2016,Channel A,2373,543,0.228825551,44.88,24370,4,975,1,3,Q1,3,2,2016,bw1,na
1/15/2016,Channel A,2479,570,0.229965157,44.87,25576,3,767,1,4,Q1,4,2,2016,bw1,na
1/15/2016,Channel C,1309,212,0.162013226,46.3,9816,7,687,1,4,Q1,4,2,2016,bw1,na
1/15/2016,Channel D,3606,475,0.131726159,50.62,24044,19,4568,1,4,Q1,4,2,2016,bw1,na
1/15/2016,Channel B,170,11,0.064788732,43.14,475,28,133,1,4,Q1,4,2,2016,bw1,na
1/16/2016,Channel C,2349,363,0.154521331,35.78,12988,5,649,1,5,Q1,5,2,2016,bw1,na
1/16/2016,Channel D,3665,444,0.121152587,49.28,21880,19,4157,1,5,Q1,5,2,2016,bw1,na
1/16/2016,Channel A,2369,532,0.224564248,44.58,23717,8,1897,1,5,Q1,5,2,2016,bw1,na
1/16/2016,Channel B,170,17,0.099722992,42.96,730,27,197,1,5,Q1,5,2,2016,bw1,na
1/17/2016,Channel D,3192,412,0.12905649,50.05,20621,18,3712,1,6,Q1,6,2,2016,bw1,na
1/17/2016,Channel C,793,148,0.186706949,37.69,5578,10,558,1,6,Q1,6,2,2016,bw1,na
1/17/2016,Channel B,153,9,0.058823529,38.92,350,24,84,1,6,Q1,6,2,2016,bw1,na
1/17/2016,Channel A,2066,468,0.226533457,45.41,21252,3,638,1,6,Q1,6,2,2016,bw1,na
1/18/2016,Channel C,1598,234,0.146458583,32.12,7516,10,752,1,0,Q1,0,3,2016,bw2,na
1/18/2016,Channel D,1748,184,0.105234311,49.42,9093,18,1637,1,0,Q1,0,3,2016,bw2,na
1/18/2016,Channel A,1127,216,0.191634656,42.06,9085,9,818,1,0,Q1,0,3,2016,bw2,na
1/18/2016,Channel B,128,8,0.0625,36.99,296,35,104,1,0,Q1,0,3,2016,bw2,na
1/19/2016,Channel C,1046,172,0.164370983,30.44,5236,5,262,1,1,Q1,1,3,2016,bw2,na
1/19/2016,Channel D,1631,194,0.118928466,50.03,9706,12,1165,1,1,Q1,1,3,2016,bw2,na
1/19/2016,Channel B,133,10,0.075268817,33.81,338,31,105,1,1,Q1,1,3,2016,bw2,na
1/19/2016,Channel A,1110,220,0.198272138,44.7,9834,9,885,1,1,Q1,1,3,2016,bw2,na
1/20/2016,Channel B,178,12,0.067532468,50.22,603,26,157,1,2,Q1,2,3,2016,bw2,na
1/20/2016,Channel A,2232,530,0.237470424,45.05,23876,5,1194,1,2,Q1,2,3,2016,bw2,na
1/20/2016,Channel D,3253,384,0.118046333,50.38,19346,15,2902,1,2,Q1,2,3,2016,bw2,na
1/20/2016,Channel C,1984,263,0.132541798,43.37,11406,5,570,1,2,Q1,2,3,2016,bw2,na
1/21/2016,Channel B,178,21,0.117647059,40.98,861,15,129,1,3,Q1,3,3,2016,bw2,na
1/21/2016,Channel D,4024,549,0.136445028,48.96,26879,20,5376,1,3,Q1,3,3,2016,bw2,na
1/21/2016,Channel C,2382,365,0.153256705,41.49,15144,6,909,1,3,Q1,3,3,2016,bw2,na
1/21/2016,Channel A,2587,611,0.236211699,45.62,27874,9,2509,1,3,Q1,3,3,2016,bw2,na
1/22/2016,Channel B,174,15,0.086350975,39.01,585,16,94,1,4,Q1,4,3,2016,bw2,na
1/22/2016,Channel D,3953,518,0.131052057,48.55,25149,13,3269,1,4,Q1,4,3,2016,bw2,na
1/22/2016,Channel A,2609,611,0.234179544,45.01,27501,3,825,1,4,Q1,4,3,2016,bw2,na
1/22/2016,Channel C,3602,605,0.167976555,39.55,23928,12,2871,1,4,Q1,4,3,2016,bw2,na
1/23/2016,Channel A,2538,551,0.217136372,45.09,24845,10,2484,1,5,Q1,5,3,2016,bw2,na
1/23/2016,Channel D,3983,475,0.119262739,51.17,24306,16,3889,1,5,Q1,5,3,2016,bw2,na
1/23/2016,Channel C,2868,427,0.148886284,47.86,20436,5,1022,1,5,Q1,5,3,2016,bw2,na
1/23/2016,Channel B,171,16,0.09375,38.36,614,23,141,1,5,Q1,5,3,2016,bw2,na
1/24/2016,Channel D,3823,472,0.123478479,53.3,25158,18,4528,1,6,Q1,6,3,2016,bw2,na
1/24/2016,Channel C,1753,291,0.165983046,42.79,12452,11,1370,1,6,Q1,6,3,2016,bw2,na
1/24/2016,Channel A,2189,491,0.224319579,44.23,21717,10,2172,1,6,Q1,6,3,2016,bw2,na
1/24/2016,Channel B,153,11,0.071875,46.08,507,24,122,1,6,Q1,6,3,2016,bw2,na
1/25/2016,Channel C,964,164,0.170159681,45.7,7495,7,525,1,0,Q1,0,4,2016,bw2,na
1/25/2016,Channel B,157,10,0.063694268,53.92,539,35,189,1,0,Q1,0,4,2016,bw2,na
1/25/2016,Channel A,1100,208,0.189165574,44.57,9271,3,278,1,0,Q1,0,4,2016,bw2,na
1/25/2016,Channel D,1883,182,0.096659016,49.78,9060,12,1087,1,0,Q1,0,4,2016,bw2,na
1/26/2016,Channel C,1054,196,0.185876993,45.56,8930,8,714,1,1,Q1,1,4,2016,bw2,na
1/26/2016,Channel D,1989,227,0.11411339,50.82,11536,18,2077,1,1,Q1,1,4,2016,bw2,na
1/26/2016,Channel B,160,11,0.068965517,41.05,452,22,99,1,1,Q1,1,4,2016,bw2,na
1/26/2016,Channel A,1253,284,0.226697353,44.81,12726,8,1018,1,1,Q1,1,4,2016,bw2,na
1/27/2016,Channel B,217,19,0.087719298,63.92,1214,21,255,1,2,Q1,2,4,2016,bw2,na
1/27/2016,Channel D,5050,627,0.124168725,56.26,35275,12,4233,1,2,Q1,2,4,2016,bw2,na
1/27/2016,Channel A,3069,696,0.226775102,50.82,35371,6,2122,1,2,Q1,2,4,2016,bw2,na
1/27/2016,Channel C,3137,506,0.161290323,49.8,25199,5,1260,1,2,Q1,2,4,2016,bw2,na
1/28/2016,Channel D,5325,688,0.129192211,66,45408,20,9082,1,3,Q1,3,4,2016,bw2,na
1/28/2016,Channel A,3673,755,0.205567172,64.21,48479,4,1939,1,3,Q1,3,4,2016,bw2,na
1/28/2016,Channel B,409,33,0.080701754,59.65,1968,15,295,1,3,Q1,3,4,2016,bw2,na
1/28/2016,Channel C,3962,713,0.179968512,63.75,45454,8,3636,1,3,Q1,3,4,2016,bw2,na
1/29/2016,Channel A,3594,768,0.213712911,63.92,49091,3,1473,1,4,Q1,4,4,2016,bw2,na
1/29/2016,Channel C,3526,490,0.138968286,62.44,30596,11,3366,1,4,Q1,4,4,2016,bw2,na
1/29/2016,Channel B,307,25,0.081538462,58.73,1468,31,455,1,4,Q1,4,4,2016,bw2,na
1/29/2016,Channel D,5559,680,0.122334456,68.11,46315,12,5558,1,4,Q1,4,4,2016,bw2,na
1/30/2016,Channel B,304,26,0.085578447,63.25,1644,31,510,1,5,Q1,5,4,2016,bw2,na
1/30/2016,Channel D,5696,692,0.121490599,69.35,47990,14,6719,1,5,Q1,5,4,2016,bw2,na
1/30/2016,Channel A,3654,788,0.215637319,65,51220,10,5122,1,5,Q1,5,4,2016,bw2,na
1/30/2016,Channel C,3882,589,0.151743755,62.04,36542,7,2558,1,5,Q1,5,4,2016,bw2,na
2/15/2016,Channel D,18664,1603,0.085894375,102.47,164273,12,19713,2,,Q1,0,7,2016,bw4,na
2/15/2016,Channel C,9636,1296,0.134494989,101.84,131984,5,6599,2,,Q1,0,7,2016,bw4,na
2/15/2016,Channel B,2320,207,0.089375131,83.67,17349,17,2949,2,,Q1,0,7,2016,bw4,na
2/15/2016,Channel A,8336,1278,0.153275388,94.41,120628,8,9650,2,,Q1,0,7,2016,bw4,na
2/16/2016,Channel A,5337,715,0.134001061,89.82,64236,3,1927,2,,Q1,1,7,2016,bw4,na
2/16/2016,Channel B,1058,86,0.081202064,75.95,6525,35,2284,2,,Q1,1,7,2016,bw4,na
2/16/2016,Channel C,4227,328,0.077558222,98.64,32338,5,1617,2,,Q1,1,7,2016,bw4,na
2/16/2016,Channel D,14286,911,0.063768892,96.07,87520,11,9627,2,,Q1,1,7,2016,bw4,na
2/17/2016,Channel D,8158,705,0.086431159,82.07,57868,16,9259,2,,Q1,2,7,2016,bw4,na
2/17/2016,Channel C,2796,302,0.107988149,83.21,25124,12,3015,2,,Q1,2,7,2016,bw4,na
2/17/2016,Channel B,744,84,0.112265536,70.23,5866,25,1466,2,,Q1,2,7,2016,bw4,na
2/17/2016,Channel A,3648,635,0.173953928,77.03,48882,6,2933,2,,Q1,2,7,2016,bw4,na
2/18/2016,Channel B,556,27,0.049208439,74.05,2026,29,588,2,,Q1,3,7,2016,bw4,na
2/18/2016,Channel A,3940,585,0.148507782,77.49,45341,9,4081,2,,Q1,3,7,2016,bw4,na
2/18/2016,Channel D,7902,635,0.080360558,82.15,52166,14,7303,2,,Q1,3,7,2016,bw4,na
2/18/2016,Channel C,1243,94,0.075688473,82.95,7804,5,390,2,,Q1,3,7,2016,bw4,na
2/19/2016,Channel D,7169,749,0.104520649,81.71,61226,13,7959,2,,Q1,4,7,2016,bw4,na
2/19/2016,Channel C,2887,223,0.07714708,74.68,16633,6,998,2,,Q1,4,7,2016,bw4,na
2/19/2016,Channel B,470,40,0.08579012,79.04,3187,15,478,2,,Q1,4,7,2016,bw4,na
2/19/2016,Channel A,3662,730,0.199372695,79.76,58233,10,5823,2,,Q1,4,7,2016,bw4,na
2/20/2016,Channel A,3526,684,0.19412511,79.73,54574,6,3274,2,,Q1,5,7,2016,bw4,na
2/20/2016,Channel D,6676,747,0.111949105,82.96,62002,18,11160,2,,Q1,5,7,2016,bw4,na
2/20/2016,Channel C,2547,324,0.127015046,79.89,25845,9,2326,2,,Q1,5,7,2016,bw4,na
2/20/2016,Channel B,471,28,0.060122063,81.01,2294,35,803,2,,Q1,5,7,2016,bw4,na
2/21/2016,Channel A,2929,594,0.202708257,78.5,46608,10,4661,2,,Q1,6,7,2016,bw4,na
2/21/2016,Channel B,384,28,0.073745283,67.13,1901,27,513,2,,Q1,6,7,2016,bw4,na
2/21/2016,Channel D,5739,641,0.111656765,83.19,53308,14,7463,2,,Q1,6,7,2016,bw4,na
2/21/2016,Channel C,1132,167,0.147134429,84.47,14069,5,703,2,,Q1,6,7,2016,bw4,na
2/22/2016,Channel D,3321,296,0.089033471,80.79,23888,20,4778,2,,Q1,0,8,2016,bw4,na
2/22/2016,Channel C,1697,172,0.101540239,78.27,13487,7,944,2,,Q1,0,8,2016,bw4,na
2/22/2016,Channel B,262,12,0.045801527,74.25,891,21,187,2,,Q1,0,8,2016,bw4,na
2/22/2016,Channel A,1668,304,0.182448184,78.87,24002,4,960,2,,Q1,0,8,2016,bw4,na
2/23/2016,Channel B,264,17,0.06364552,76.12,1279,17,217,2,,Q1,1,8,2016,bw4,na
2/23/2016,Channel D,3186,323,0.10139839,78.16,25250,12,3030,2,,Q1,1,8,2016,bw4,na
2/23/2016,Channel C,753,113,0.150440324,74.69,8461,5,423,2,,Q1,1,8,2016,bw4,na
2/23/2016,Channel A,1897,370,0.194843706,72.61,26838,8,2147,2,,Q1,1,8,2016,bw4,na
2/24/2016,Channel A,3725,793,0.213000549,76.83,60959,9,5486,2,,Q1,2,8,2016,bw4,na
2/24/2016,Channel B,398,28,0.071142367,81.23,2300,27,621,2,,Q1,2,8,2016,bw4,na
2/24/2016,Channel D,6354,765,0.120347769,80.09,61244,19,11636,2,,Q1,2,8,2016,bw4,na
2/24/2016,Channel C,3828,382,0.099815908,67.58,25822,8,2066,2,,Q1,2,8,2016,bw4,na
2/25/2016,Channel B,408,32,0.077633008,76.75,2431,32,778,2,,Q1,3,8,2016,bw4,na
2/25/2016,Channel D,6239,749,0.120016058,80.75,60464,11,6651,2,,Q1,3,8,2016,bw4,na
2/25/2016,Channel C,1468,202,0.137329624,71.88,14491,12,1739,2,,Q1,3,8,2016,bw4,na
2/25/2016,Channel A,3669,793,0.216003864,75.65,59954,7,4197,2,,Q1,3,8,2016,bw4,na
2/26/2016,Channel C,3319,269,0.080982269,72.55,19500,6,1170,2,,Q1,4,8,2016,bw4,na
2/26/2016,Channel D,6411,754,0.117546062,80.69,60807,17,10337,2,,Q1,4,8,2016,bw4,na
2/26/2016,Channel A,3644,803,0.220376169,77.03,61859,9,5567,2,,Q1,4,8,2016,bw4,na
2/26/2016,Channel B,431,31,0.07126262,74.07,2275,31,705,2,,Q1,4,8,2016,bw4,na
2/27/2016,Channel D,6553,788,0.120202837,83.91,66095,11,7270,2,,Q1,5,8,2016,bw4,na
2/27/2016,Channel C,3519,375,0.10666817,78.02,29286,10,2929,2,,Q1,5,8,2016,bw4,na
2/27/2016,Channel B,391,28,0.071207021,82.25,2290,32,733,2,,Q1,5,8,2016,bw4,na
2/27/2016,Channel A,3277,671,0.204762395,78.5,52674,10,5267,2,,Q1,5,8,2016,bw4,na
2/28/2016,Channel D,5823,712,0.122323355,83.49,59469,19,11299,2,,Q1,6,8,2016,bw4,na
2/28/2016,Channel C,1298,197,0.151989209,79.47,15678,10,1568,2,,Q1,6,8,2016,bw4,na
2/28/2016,Channel B,338,24,0.069594559,72.95,1716,20,343,2,,Q1,6,8,2016,bw4,na
2/28/2016,Channel A,2877,611,0.212381717,77.48,47342,4,1894,2,,Q1,6,8,2016,bw4,na
2/29/2016,Channel A,1542,310,0.200792232,74,22912,8,1833,2,,Q1,0,9,2016,bw5,na
2/29/2016,Channel D,3224,309,0.095880231,80.94,25020,14,3503,2,,Q1,0,9,2016,bw5,na
2/29/2016,Channel B,235,15,0.063330451,69.88,1040,33,343,2,,Q1,0,9,2016,bw5,na
2/29/2016,Channel C,2338,197,0.084379657,74.99,14794,7,1036,2,,Q1,0,9,2016,bw5,na
3/1/2016,Channel A,1605,332,0.206641494,73.09,24241,7,1697,3,,Q1,1,9,2016,bw5,na
3/1/2016,Channel D,2988,322,0.107626619,79.58,25592,17,4351,3,,Q1,1,9,2016,bw5,na
3/1/2016,Channel B,239,12,0.04822373,71.06,819,28,229,3,,Q1,1,9,2016,bw5,na
3/1/2016,Channel C,845,133,0.157916009,75.69,10100,8,808,3,,Q1,1,9,2016,bw5,na
3/2/2016,Channel A,3558,790,0.221927629,75.23,59403,10,5940,3,,Q1,2,9,2016,bw5,na
3/2/2016,Channel D,6542,870,0.133022036,79.51,69192,15,10379,3,,Q1,2,9,2016,bw5,na
3/2/2016,Channel C,3004,468,0.155627747,73.89,34544,6,2073,3,,Q1,2,9,2016,bw5,na
3/2/2016,Channel B,420,37,0.087998304,78.6,2905,33,959,3,,Q1,2,9,2016,bw5,na
3/3/2016,Channel D,6923,909,0.131249439,81.83,74354,13,9666,3,,Q1,3,9,2016,bw5,na
3/3/2016,Channel C,4349,485,0.11147097,70.27,34066,8,2725,3,,Q1,3,9,2016,bw5,na
3/3/2016,Channel B,526,29,0.054751211,83.44,2403,17,409,3,,Q1,3,9,2016,bw5,na
3/3/2016,Channel A,3696,841,0.227410254,77.12,64820,3,1945,3,,Q1,3,9,2016,bw5,na
3/4/2016,Channel D,6833,831,0.121673987,81.31,67601,20,13520,3,,Q1,4,9,2016,bw5,na
3/4/2016,Channel C,4554,470,0.103297622,70.92,33362,8,2669,3,,Q1,4,9,2016,bw5,na
3/4/2016,Channel B,513,31,0.05989713,80.58,2476,17,421,3,,Q1,4,9,2016,bw5,na
3/4/2016,Channel A,3668,794,0.216455387,78.29,62159,7,4351,3,,Q1,4,9,2016,bw5,na
3/5/2016,Channel A,3318,690,0.207882764,76.33,52649,4,2106,3,,Q1,5,9,2016,bw5,na
3/5/2016,Channel B,466,29,0.061804661,74.06,2133,29,619,3,,Q1,5,9,2016,bw5,na
3/5/2016,Channel C,3840,462,0.120376481,77.66,35898,12,4308,3,,Q1,5,9,2016,bw5,na
3/5/2016,Channel D,6954,888,0.127703317,82.67,73415,20,14683,3,,Q1,5,9,2016,bw5,na
3/6/2016,Channel D,4180,481,0.115173052,82.2,39573,13,5144,3,,Q1,6,9,2016,bw5,na
3/6/2016,Channel C,1011,138,0.136739564,76.98,10642,9,958,3,,Q1,6,9,2016,bw5,na
3/6/2016,Channel B,233,13,0.057670258,75.76,1018,15,153,3,,Q1,6,9,2016,bw5,na
3/6/2016,Channel A,1917,373,0.194564302,79.57,29678,8,2374,3,,Q1,6,9,2016,bw5,na
3/7/2016,Channel D,2589,241,0.093249914,81.74,19734,12,2368,3,,Q1,0,10,2016,bw5,na
3/7/2016,Channel C,1947,156,0.080118424,76.37,11913,11,1310,3,,Q1,0,10,2016,bw5,na
3/7/2016,Channel B,167,5,0.031622227,85.97,454,31,141,3,,Q1,0,10,2016,bw5,na
3/7/2016,Channel A,1068,192,0.180224818,75.4,14513,5,726,3,,Q1,0,10,2016,bw5,na
3/8/2016,Channel A,1147,214,0.186645069,70.09,15005,6,900,3,,Q1,1,10,2016,bw5,na
3/8/2016,Channel C,738,97,0.131395787,76.9,7457,10,746,3,,Q1,1,10,2016,bw5,na
3/8/2016,Channel D,2490,262,0.105259708,79.65,20876,11,2296,3,,Q1,1,10,2016,bw5,na
3/8/2016,Channel B,180,6,0.034631469,76.52,477,25,119,3,,Q1,1,10,2016,bw5,na
3/9/2016,Channel C,4090,344,0.084141353,67.47,23219,7,1625,3,,Q1,2,10,2016,bw5,na
3/9/2016,Channel D,4620,581,0.125821172,81.31,47265,14,6617,3,,Q1,2,10,2016,bw5,na
3/9/2016,Channel B,246,19,0.076081283,73.52,1376,23,316,3,,Q1,2,10,2016,bw5,na
3/9/2016,Channel A,2128,472,0.221720412,76.44,36066,5,1803,3,,Q1,2,10,2016,bw5,na
3/10/2016,Channel D,4501,555,0.123384841,81.51,45267,20,9053,3,,Q1,3,10,2016,bw5,na
3/10/2016,Channel C,1271,173,0.135958714,70.34,12155,9,1094,3,,Q1,3,10,2016,bw5,na
3/10/2016,Channel B,234,16,0.067666687,74.46,1179,33,389,3,,Q1,3,10,2016,bw5,na
3/10/2016,Channel A,2108,444,0.210397546,75.44,33459,8,2677,3,,Q1,3,10,2016,bw5,na
3/11/2016,Channel D,2997,316,0.105543923,80.6,25495,18,4589,3,,Q1,4,10,2016,bw5,na
3/11/2016,Channel C,3876,245,0.06315514,66.69,16325,8,1306,3,,Q1,4,10,2016,bw5,na
3/11/2016,Channel B,203,13,0.063817035,79.97,1036,25,259,3,,Q1,4,10,2016,bw5,na
3/11/2016,Channel A,1718,322,0.18747081,76.15,24526,4,981,3,,Q1,4,10,2016,bw5,na
3/12/2016,Channel A,3119,687,0.220238118,79.68,54734,7,3831,3,,Q1,5,10,2016,bw5,na
3/12/2016,Channel B,483,31,0.064601467,82.91,2587,19,492,3,,Q1,5,10,2016,bw5,na
3/12/2016,Channel D,5820,759,0.13047137,81.02,61522,10,6152,3,,Q1,5,10,2016,bw5,na
3/12/2016,Channel C,3770,491,0.130130689,76.43,37496,7,2625,3,,Q1,5,10,2016,bw5,na
3/13/2016,Channel D,5753,744,0.12932663,81.97,60987,19,11588,3,,Q1,6,10,2016,bw5,na
3/13/2016,Channel C,1560,255,0.163380599,81.97,20892,5,1045,3,,Q1,6,10,2016,bw5,na
3/13/2016,Channel B,422,23,0.053454636,82.1,1852,25,463,3,,Q1,6,10,2016,bw5,na
3/13/2016,Channel A,2868,579,0.201841338,78.46,45419,8,3634,3,,Q1,6,10,2016,bw5,na
3/14/2016,Channel D,3121,297,0.095053936,80.02,23739,11,2611,3,,Q1,0,11,2016,bw6,na
3/14/2016,Channel C,2534,282,0.111382255,78.39,22125,12,2655,3,,Q1,0,11,2016,bw6,na
3/14/2016,Channel B,306,19,0.062730073,78.3,1503,25,376,3,,Q1,0,11,2016,bw6,na
3/14/2016,Channel A,1512,289,0.19111252,77.37,22357,5,1118,3,,Q1,0,11,2016,bw6,na
3/15/2016,Channel D,3109,349,0.112248688,77.54,27060,15,4059,3,,Q1,1,11,2016,bw6,na
3/15/2016,Channel C,1007,187,0.185895652,77.95,14592,12,1751,3,,Q1,1,11,2016,bw6,na
3/15/2016,Channel B,309,18,0.059042678,78.71,1436,16,230,3,,Q1,1,11,2016,bw6,na
3/15/2016,Channel A,1682,341,0.202892821,77.11,26315,4,1053,3,,Q1,1,11,2016,bw6,na
3/16/2016,Channel A,3600,865,0.240403246,76.27,66008,3,1980,3,,Q1,2,11,2016,bw6,na
3/16/2016,Channel B,366,29,0.080005903,70.35,2060,17,350,3,,Q1,2,11,2016,bw6,na
3/16/2016,Channel D,6791,940,0.13846856,80.59,75782,11,8336,3,,Q1,2,11,2016,bw6,na
3/16/2016,Channel C,5748,597,0.103885971,63.56,37954,8,3036,3,,Q1,2,11,2016,bw6,na
3/17/2016,Channel A,3217,755,0.234559703,76.88,58012,6,3481,3,,Q1,3,11,2016,bw6,na
3/17/2016,Channel D,6742,907,0.134565565,81.48,73922,11,8131,3,,Q1,3,11,2016,bw6,na
3/17/2016,Channel C,1931,296,0.153360197,67.85,20093,8,1607,3,,Q1,3,11,2016,bw6,na
3/17/2016,Channel B,348,24,0.068980995,81.69,1961,20,392,3,,Q1,3,11,2016,bw6,na
3/18/2016,Channel A,3513,805,0.229130518,75.98,61159,10,6116,3,,Q1,4,11,2016,bw6,na
3/18/2016,Channel D,6953,949,0.136545505,80.12,76066,19,14453,3,,Q1,4,11,2016,bw6,na
3/18/2016,Channel C,5601,516,0.09221058,67.45,34836,7,2439,3,,Q1,4,11,2016,bw6,na
3/18/2016,Channel B,358,28,0.077779968,88.13,2454,20,491,3,,Q1,4,11,2016,bw6,na
3/19/2016,Channel D,6774,907,0.133859001,82.09,74436,18,13398,3,,Q1,5,11,2016,bw6,na
3/19/2016,Channel C,5284,468,0.088658108,73.96,34648,5,1732,3,,Q1,5,11,2016,bw6,na
3/19/2016,Channel B,323,26,0.081721375,78.08,2061,35,721,3,,Q1,5,11,2016,bw6,na
3/19/2016,Channel A,3054,675,0.220969267,76.63,51713,3,1551,3,,Q1,5,11,2016,bw6,na
3/20/2016,Channel D,6004,723,0.120472108,81.58,59008,11,6491,3,,Q1,6,11,2016,bw6,na
3/20/2016,Channel C,3455,382,0.110591271,77.12,29467,12,3536,3,,Q1,6,11,2016,bw6,na
3/20/2016,Channel B,326,29,0.088356278,81.03,2334,23,537,3,,Q1,6,11,2016,bw6,na
3/20/2016,Channel A,2642,571,0.216198776,79.02,45136,3,1354,3,,Q1,6,11,2016,bw6,na
3/21/2016,Channel A,1675,312,0.186278305,76.73,23941,3,718,3,,Q1,0,12,2016,bw6,na
3/21/2016,Channel D,3579,350,0.097909188,79.14,27732,11,3051,3,,Q1,0,12,2016,bw6,na
3/21/2016,Channel B,205,18,0.088949001,70.69,1289,20,258,3,,Q1,0,12,2016,bw6,na
3/21/2016,Channel C,3305,361,0.109353505,75,27106,8,2168,3,,Q1,0,12,2016,bw6,na
3/22/2016,Channel D,3881,453,0.116751442,79.04,35814,20,7163,3,,Q1,1,12,2016,bw6,na
3/22/2016,Channel C,5332,663,0.124405927,71.48,47415,6,2845,3,,Q1,1,12,2016,bw6,na
3/22/2016,Channel B,227,22,0.097290404,76.07,1680,22,370,3,,Q1,1,12,2016,bw6,na
3/22/2016,Channel A,2016,440,0.21832141,73.55,32372,3,971,3,,Q1,1,12,2016,bw6,na
3/23/2016,Channel D,7526,1068,0.141848024,78.27,83557,16,13369,3,,Q1,2,12,2016,bw6,na
3/23/2016,Channel C,7594,884,0.116423448,67.19,59404,9,5346,3,,Q1,2,12,2016,bw6,na
3/23/2016,Channel B,401,41,0.101759735,70.75,2887,17,491,3,,Q1,2,12,2016,bw6,na
3/23/2016,Channel A,4047,916,0.226424458,75.46,69147,9,6223,3,,Q1,2,12,2016,bw6,na
3/24/2016,Channel A,4211,918,0.217958279,74.85,68699,8,5496,3,,Q1,3,12,2016,bw6,na
3/24/2016,Channel B,372,31,0.08388521,75.5,2356,20,471,3,,Q1,3,12,2016,bw6,na
3/24/2016,Channel D,7782,1096,0.140821418,77.04,84426,12,10131,3,,Q1,3,12,2016,bw6,na
3/24/2016,Channel C,7546,1160,0.153683858,72.28,83823,7,5868,3,,Q1,3,12,2016,bw6,na
3/25/2016,Channel A,4031,888,0.220169109,74.49,66110,6,3967,3,,Q1,4,12,2016,bw6,na
3/25/2016,Channel D,7597,1050,0.138251487,77.56,81461,18,14663,3,,Q1,4,12,2016,bw6,na
3/25/2016,Channel B,396,39,0.098187779,76.59,2978,31,923,3,,Q1,4,12,2016,bw6,na
3/25/2016,Channel C,7145,870,0.121788446,70.05,60956,5,3048,3,,Q1,4,12,2016,bw6,na
3/26/2016,Channel D,7541,1055,0.139911865,79.6,83984,11,9238,3,,Q1,5,12,2016,bw6,na
3/26/2016,Channel C,4797,757,0.157894993,77.2,58473,9,5263,3,,Q1,5,12,2016,bw6,na
3/26/2016,Channel B,400,34,0.085182511,76.16,2595,16,415,3,,Q1,5,12,2016,bw6,na
3/26/2016,Channel A,3767,847,0.224899252,77.91,66005,4,2640,3,,Q1,5,12,2016,bw6,na
3/27/2016,Channel D,6740,868,0.128834462,82.26,71430,16,11429,3,,Q1,6,12,2016,bw6,na
3/27/2016,Channel C,4327,656,0.151648911,77.69,50979,12,6117,3,,Q1,6,12,2016,bw6,na
3/27/2016,Channel B,410,24,0.059717962,75.15,1840,26,478,3,,Q1,6,12,2016,bw6,na
3/27/2016,Channel A,3250,712,0.219174654,77.45,55169,8,4414,3,,Q1,6,12,2016,bw6,na
3/28/2016,Channel A,1754,385,0.219765394,75.56,29126,9,2621,3,,Q1,0,13,2016,bw7,na
3/28/2016,Channel B,258,9,0.033471636,66.7,576,30,173,3,,Q1,0,13,2016,bw7,na
3/28/2016,Channel D,3984,408,0.102523826,76.76,31353,18,5644,3,,Q1,0,13,2016,bw7,na
3/28/2016,Channel C,2559,308,0.120419959,76.03,23429,5,1171,3,,Q1,0,13,2016,bw7,na
3/29/2016,Channel C,761,99,0.13055607,77.3,7680,5,384,3,,Q1,1,13,2016,bw7,na
3/29/2016,Channel B,212,6,0.029468253,68.67,429,35,150,3,,Q1,1,13,2016,bw7,na
3/29/2016,Channel A,1404,275,0.195903929,76.35,21000,8,1680,3,,Q1,1,13,2016,bw7,na
3/29/2016,Channel D,2884,291,0.100863166,78.37,22797,18,4103,3,,Q1,1,13,2016,bw7,na
3/30/2016,Channel D,6420,801,0.124707183,80.63,64554,15,9683,3,,Q1,2,13,2016,bw7,na
3/30/2016,Channel C,4717,433,0.091890058,68.41,29652,12,3558,3,,Q1,2,13,2016,bw7,na
3/30/2016,Channel B,370,19,0.051899075,75.25,1445,26,376,3,,Q1,2,13,2016,bw7,na
3/30/2016,Channel A,3365,718,0.213265517,75.29,54031,4,2161,3,,Q1,2,13,2016,bw7,na
3/31/2016,Channel D,6365,807,0.126763116,79.01,63749,12,7650,3,,Q1,3,13,2016,bw7,na
3/31/2016,Channel C,1521,233,0.153058293,72.1,16785,5,839,3,,Q1,3,13,2016,bw7,na
3/31/2016,Channel B,357,22,0.060508961,80.04,1729,28,484,3,,Q1,3,13,2016,bw7,na
3/31/2016,Channel A,3233,708,0.219130481,75.75,53665,4,2147,3,,Q1,3,13,2016,bw7,na
4/1/2016,Channel A,3172,670,0.211102222,75.83,50777,3,1523,4,,Q2,4,13,2016,bw7,na
4/1/2016,Channel C,3886,392,0.100794465,68.69,26905,11,2960,4,,Q2,4,13,2016,bw7,na
4/1/2016,Channel D,6363,780,0.122505608,80.11,62446,13,8118,4,,Q2,4,13,2016,bw7,na
4/1/2016,Channel B,356,26,0.072809576,84.22,2183,30,655,4,,Q2,4,13,2016,bw7,na
4/2/2016,Channel D,6542,845,0.129205149,82.28,69548,19,13214,4,,Q2,5,13,2016,bw7,na
4/2/2016,Channel C,3481,372,0.106860921,79.38,29528,11,3248,4,,Q2,5,13,2016,bw7,na
4/2/2016,Channel B,329,34,0.102123912,77.86,2616,21,549,4,,Q2,5,13,2016,bw7,na
4/2/2016,Channel A,3104,662,0.213259452,79.7,52758,3,1583,4,,Q2,5,13,2016,bw7,na
4/3/2016,Channel D,5961,693,0.116194788,81.49,56443,13,7338,4,,Q2,6,13,2016,bw7,na
4/3/2016,Channel C,3759,391,0.104072324,71.2,27854,5,1393,4,,Q2,6,13,2016,bw7,na
4/3/2016,Channel B,133,16,0.122686104,79.18,1292,27,349,4,,Q2,6,13,2016,bw7,na
4/3/2016,Channel A,2880,567,0.196994917,77.6,44026,5,2201,4,,Q2,6,13,2016,bw7,na
4/4/2016,Channel A,1605,287,0.178529263,76.52,21926,7,1535,4,,Q2,0,14,2016,bw7,na
4/4/2016,Channel D,3382,296,0.087571382,79.56,23563,18,4241,4,,Q2,0,14,2016,bw7,na
4/4/2016,Channel C,2590,229,0.088583637,74.07,16994,5,850,4,,Q2,0,14,2016,bw7,na
4/4/2016,Channel B,71,6,0.081149411,70.64,407,20,81,4,,Q2,0,14,2016,bw7,na
4/5/2016,Channel D,3382,353,0.104310828,77,27164,20,5433,4,,Q2,1,14,2016,bw7,na
4/5/2016,Channel C,1028,157,0.152695249,71.37,11203,10,1120,4,,Q2,1,14,2016,bw7,na
4/5/2016,Channel B,77,11,0.137150233,67.61,714,28,200,4,,Q2,1,14,2016,bw7,na
4/5/2016,Channel A,1640,336,0.20486703,75.26,25286,10,2529,4,,Q2,1,14,2016,bw7,na
4/6/2016,Channel A,3464,790,0.22793119,74.38,58727,10,5873,4,,Q2,2,14,2016,bw7,na
4/6/2016,Channel D,6986,933,0.133575231,79.2,73906,17,12564,4,,Q2,2,14,2016,bw7,na
4/6/2016,Channel C,4335,460,0.106187871,68.43,31500,7,2205,4,,Q2,2,14,2016,bw7,na
4/6/2016,Channel B,152,30,0.195823116,77.91,2319,27,626,4,,Q2,2,14,2016,bw7,na
4/7/2016,Channel D,6753,844,0.124962077,81.47,68750,16,11000,4,,Q2,3,14,2016,bw7,na
4/7/2016,Channel C,1985,318,0.160329118,71.22,22666,5,1133,4,,Q2,3,14,2016,bw7,na
4/7/2016,Channel B,170,27,0.158146329,88.6,2382,20,476,4,,Q2,3,14,2016,bw7,na
4/7/2016,Channel A,3208,731,0.227716689,76.29,55731,7,3901,4,,Q2,3,14,2016,bw7,na
4/8/2016,Channel D,6880,822,0.119447656,79.45,65292,17,11100,4,,Q2,4,14,2016,bw7,na
4/8/2016,Channel C,4311,470,0.109117445,67.85,31917,10,3192,4,,Q2,4,14,2016,bw7,na
4/8/2016,Channel B,192,27,0.14250419,81.54,2231,28,625,4,,Q2,4,14,2016,bw7,na
4/8/2016,Channel A,3372,730,0.216517373,76.62,55940,10,5594,4,,Q2,4,14,2016,bw7,na
4/9/2016,Channel D,6576,749,0.113867737,83.35,62412,15,9362,4,,Q2,5,14,2016,bw7,na
4/9/2016,Channel C,4461,445,0.099643616,69.31,30809,12,3697,4,,Q2,5,14,2016,bw7,na
4/9/2016,Channel B,169,24,0.142011834,76.5,1836,26,477,4,,Q2,5,14,2016,bw7,na
4/9/2016,Channel A,3361,631,0.1876492,79.54,50165,4,2007,4,,Q2,5,14,2016,bw7,na
4/10/2016,Channel A,2887,564,0.19535544,76.87,43354,5,2168,4,,Q2,6,14,2016,bw7,na
4/10/2016,Channel D,6090,688,0.112949708,82.48,56735,14,7943,4,,Q2,6,14,2016,bw7,na
4/10/2016,Channel C,3772,301,0.079915497,77.71,23425,10,2342,4,,Q2,6,14,2016,bw7,na
4/10/2016,Channel B,159,16,0.099626698,84.34,1336,34,454,4,,Q2,6,14,2016,bw7,na
4/11/2016,Channel D,3625,297,0.081964199,79.52,23627,15,3544,4,,Q2,0,15,2016,bw8,na
4/11/2016,Channel C,3635,285,0.078306548,69.16,19686,11,2165,4,,Q2,0,15,2016,bw8,na
4/11/2016,Channel B,84,17,0.205693628,67.31,1163,18,209,4,,Q2,0,15,2016,bw8,na
4/11/2016,Channel A,1789,316,0.176543737,75.71,23912,3,717,4,,Q2,0,15,2016,bw8,na
4/12/2016,Channel D,3740,367,0.098054028,78.22,28685,10,2868,4,,Q2,1,15,2016,bw8,na
4/12/2016,Channel C,1285,191,0.148671866,73.13,13971,6,838,4,,Q2,1,15,2016,bw8,na
4/12/2016,Channel B,88,14,0.15820044,83.97,1169,33,386,4,,Q2,1,15,2016,bw8,na
4/12/2016,Channel A,1763,349,0.198212439,76.16,26614,9,2395,4,,Q2,1,15,2016,bw8,na
4/13/2016,Channel D,7505,947,0.126192266,79.09,74904,17,12734,4,,Q2,2,15,2016,bw8,na
4/13/2016,Channel C,4424,452,0.1022106,67.67,30599,10,3060,4,,Q2,2,15,2016,bw8,na
4/13/2016,Channel B,177,30,0.168119691,80.72,2402,25,600,4,,Q2,2,15,2016,bw8,na
4/13/2016,Channel A,3966,753,0.189894626,75.11,56567,6,3394,4,,Q2,2,15,2016,bw8,na
4/14/2016,Channel A,3700,721,0.194867403,76.68,55287,6,3317,4,,Q2,3,15,2016,bw8,na
4/14/2016,Channel C,1860,291,0.156652964,71.88,20944,11,2304,4,,Q2,3,15,2016,bw8,na
4/14/2016,Channel D,7473,908,0.121525929,78.89,71645,18,12896,4,,Q2,3,15,2016,bw8,na
4/14/2016,Channel B,166,22,0.130119285,80.51,1739,32,556,4,,Q2,3,15,2016,bw8,na
4/15/2016,Channel D,7366,891,0.121004394,80.63,71867,11,7905,4,,Q2,4,15,2016,bw8,na
4/15/2016,Channel C,4405,504,0.114308455,70.28,35388,11,3893,4,,Q2,4,15,2016,bw8,na
4/15/2016,Channel B,159,25,0.160041787,82.84,2108,24,506,4,,Q2,4,15,2016,bw8,na
4/15/2016,Channel A,3677,746,0.20286818,77.09,57505,5,2875,4,,Q2,4,15,2016,bw8,na
4/16/2016,Channel D,7242,841,0.116125767,82.01,68969,14,9656,4,,Q2,5,15,2016,bw8,na
4/16/2016,Channel C,6260,529,0.084573727,71.42,37812,7,2647,4,,Q2,5,15,2016,bw8,na
4/16/2016,Channel B,179,26,0.144823679,89.34,2316,15,347,4,,Q2,5,15,2016,bw8,na
4/16/2016,Channel A,3454,672,0.194696988,76.79,51640,10,5164,4,,Q2,5,15,2016,bw8,na
4/17/2016,Channel D,6758,749,0.110797646,82.96,62118,10,6212,4,,Q2,6,15,2016,bw8,na
4/17/2016,Channel C,1697,242,0.142551664,73.92,17882,5,894,4,,Q2,6,15,2016,bw8,na
4/17/2016,Channel B,203,28,0.139485706,77.06,2182,31,676,4,,Q2,6,15,2016,bw8,na
4/17/2016,Channel A,3075,626,0.203540795,79.96,50046,5,2502,4,,Q2,6,15,2016,bw8,na
4/18/2016,Channel A,1875,320,0.170744735,77.88,24933,9,2244,4,,Q2,0,16,2016,bw8,na
4/18/2016,Channel D,3836,333,0.086838013,80.82,26922,19,5115,4,,Q2,0,16,2016,bw8,na
4/18/2016,Channel B,140,15,0.106274117,67.01,997,27,269,4,,Q2,0,16,2016,bw8,na
4/18/2016,Channel C,3000,281,0.09359293,72.42,20334,9,1830,4,,Q2,0,16,2016,bw8,na
4/19/2016,Channel A,2018,369,0.182919979,75.16,27744,8,2220,4,,Q2,1,16,2016,bw8,na
4/19/2016,Channel D,3947,374,0.094852198,79.24,29666,20,5933,4,,Q2,1,16,2016,bw8,na
4/19/2016,Channel B,125,19,0.149737011,77.95,1459,17,248,4,,Q2,1,16,2016,bw8,na
4/19/2016,Channel C,1445,189,0.130892966,70.26,13289,12,1595,4,,Q2,1,16,2016,bw8,na
4/20/2016,Channel D,7969,933,0.11703598,79.67,74305,10,7430,4,,Q2,2,16,2016,bw8,na
4/20/2016,Channel C,4971,498,0.100226144,68.7,34228,6,2054,4,,Q2,2,16,2016,bw8,na
4/20/2016,Channel B,259,34,0.13155647,70.29,2395,31,742,4,,Q2,2,16,2016,bw8,na
4/20/2016,Channel A,3974,742,0.186612667,76.06,56406,10,5641,4,,Q2,2,16,2016,bw8,na
4/21/2016,Channel D,8484,1007,0.118694442,79.53,80087,15,12013,4,,Q2,3,16,2016,bw8,na
4/21/2016,Channel C,5734,618,0.107815803,74.88,46292,7,3240,4,,Q2,3,16,2016,bw8,na
4/21/2016,Channel B,621,52,0.08425567,74.48,3897,33,1286,4,,Q2,3,16,2016,bw8,na
4/21/2016,Channel A,4386,893,0.203546284,76.18,68010,9,6121,4,,Q2,3,16,2016,bw8,na
4/22/2016,Channel A,4361,894,0.205042771,76.44,68352,9,6152,4,,Q2,4,16,2016,bw8,na
4/22/2016,Channel B,440,52,0.118908072,71.35,3733,17,635,4,,Q2,4,16,2016,bw8,na
4/22/2016,Channel D,8749,1040,0.118887729,82.02,85313,18,15356,4,,Q2,4,16,2016,bw8,na
4/22/2016,Channel C,5520,568,0.102863651,71.01,40320,7,2822,4,,Q2,4,16,2016,bw8,na
4/23/2016,Channel C,5388,574,0.106555569,78.25,44925,10,4492,4,,Q2,5,16,2016,bw8,na
4/23/2016,Channel B,386,31,0.0808399,81.88,2555,22,562,4,,Q2,5,16,2016,bw8,na
4/23/2016,Channel A,4488,892,0.198722308,77.45,69075,6,4144,4,,Q2,5,16,2016,bw8,na
4/23/2016,Channel D,8899,1063,0.119471365,82.88,88116,19,16742,4,,Q2,5,16,2016,bw8,na
4/24/2016,Channel D,8018,919,0.114639079,84.48,77652,12,9318,4,,Q2,6,16,2016,bw8,na
4/24/2016,Channel C,4098,491,0.119830068,80.01,39290,10,3929,4,,Q2,6,16,2016,bw8,na
4/24/2016,Channel B,1034,70,0.067312306,77.93,5424,24,1302,4,,Q2,6,16,2016,bw8,na
4/24/2016,Channel A,4037,770,0.190715708,79.32,61070,6,3664,4,,Q2,6,16,2016,bw8,na
5/10/2016,Channel D,16656,1313,0.078846171,79.25,104076,20,20815,5,,Q2,1,19,2016,bw10,na
5/10/2016,Channel C,3640,279,0.076750604,78.05,21805,11,2399,5,,Q2,1,19,2016,bw10,na
5/10/2016,Channel B,1312,123,0.094016285,68.61,8463,33,2793,5,,Q2,1,19,2016,bw10,na
5/10/2016,Channel A,7525,1006,0.133642608,76.14,76571,8,6126,5,,Q2,1,19,2016,bw10,na
5/11/2016,Channel A,5762,1034,0.179428335,75.71,78274,6,4696,5,,Q2,2,19,2016,bw10,na
5/11/2016,Channel D,12146,1200,0.098792757,79.15,94975,11,10447,5,,Q2,2,19,2016,bw10,na
5/11/2016,Channel B,1235,122,0.098720146,69.71,8499,20,1700,5,,Q2,2,19,2016,bw10,na
5/11/2016,Channel C,3483,409,0.11742312,77.91,31864,6,1912,5,,Q2,2,19,2016,bw10,na
5/12/2016,Channel D,9600,1051,0.109445813,80.17,84233,14,11793,5,,Q2,3,19,2016,bw10,na
5/12/2016,Channel C,1863,237,0.127284161,82.52,19568,12,2348,5,,Q2,3,19,2016,bw10,na
5/12/2016,Channel B,605,50,0.082504534,76.69,3828,35,1340,5,,Q2,3,19,2016,bw10,na
5/12/2016,Channel A,4600,840,0.182511848,75.87,63697,8,5096,5,,Q2,3,19,2016,bw10,na
5/13/2016,Channel D,7440,818,0.109940985,81.9,66991,17,11388,5,,Q2,4,19,2016,bw10,na
5/13/2016,Channel C,2387,318,0.133328593,80.36,25575,10,2558,5,,Q2,4,19,2016,bw10,na
5/13/2016,Channel B,445,42,0.094926671,87.14,3681,27,994,5,,Q2,4,19,2016,bw10,na
5/13/2016,Channel A,3661,732,0.199813259,76.5,55961,9,5036,5,,Q2,4,19,2016,bw10,na
5/14/2016,Channel A,3492,679,0.194493576,76.53,51977,7,3638,5,,Q2,5,19,2016,bw10,na
5/14/2016,Channel B,444,44,0.098382223,77.79,3398,15,510,5,,Q2,5,19,2016,bw10,na
5/14/2016,Channel D,7319,835,0.114111926,83.16,69454,15,10418,5,,Q2,5,19,2016,bw10,na
5/14/2016,Channel C,2855,350,0.122561273,79.94,27972,9,2517,5,,Q2,5,19,2016,bw10,na
5/15/2016,Channel A,3276,751,0.229157979,74.84,56184,8,4495,5,,Q2,6,19,2016,bw10,na
5/15/2016,Channel D,6320,742,0.117343652,82.14,60916,10,6092,5,,Q2,6,19,2016,bw10,na
5/15/2016,Channel B,363,32,0.088581956,77.81,2502,16,400,5,,Q2,6,19,2016,bw10,na
5/15/2016,Channel C,1352,224,0.165805409,77.91,17465,8,1397,5,,Q2,6,19,2016,bw10,na
5/16/2016,Channel D,3524,291,0.082682295,82.41,24012,20,4802,5,,Q2,0,20,2016,bw10,na
5/16/2016,Channel C,2077,212,0.102143249,74.97,15905,8,1272,5,,Q2,0,20,2016,bw10,na
5/16/2016,Channel B,200,21,0.103205735,73.93,1526,20,305,5,,Q2,0,20,2016,bw10,na
5/16/2016,Channel A,1812,330,0.182258019,73.55,24290,5,1214,5,,Q2,0,20,2016,bw10,na
5/17/2016,Channel D,3386,344,0.101499838,79.49,27319,17,4644,5,,Q2,1,20,2016,bw10,na
5/17/2016,Channel C,912,138,0.151047405,77.87,10727,8,858,5,,Q2,1,20,2016,bw10,na
5/17/2016,Channel B,174,17,0.096583653,72,1210,18,218,5,,Q2,1,20,2016,bw10,na
5/17/2016,Channel A,1855,347,0.186835178,77.03,26697,4,1068,5,,Q2,1,20,2016,bw10,na
5/18/2016,Channel A,3682,826,0.224358694,74.4,61461,6,3688,5,,Q2,2,20,2016,bw10,na
5/18/2016,Channel B,341,51,0.150627027,75.89,3898,31,1208,5,,Q2,2,20,2016,bw10,na
5/18/2016,Channel D,6878,911,0.132456333,79.93,72819,14,10195,5,,Q2,2,20,2016,bw10,na
5/18/2016,Channel C,5477,558,0.101829443,65.61,36592,12,4391,5,,Q2,2,20,2016,bw10,na
5/19/2016,Channel C,1589,243,0.152857105,74.05,17986,5,899,5,,Q2,3,20,2016,bw10,na
5/19/2016,Channel B,320,42,0.130503929,80.17,3348,30,1004,5,,Q2,3,20,2016,bw10,na
5/19/2016,Channel A,3438,762,0.22157663,74.7,56905,10,5690,5,,Q2,3,20,2016,bw10,na
5/19/2016,Channel D,6828,904,0.132367822,79.58,71925,17,12227,5,,Q2,3,20,2016,bw10,na
5/20/2016,Channel D,6639,883,0.133026784,82.09,72499,12,8700,5,,Q2,4,20,2016,bw10,na
5/20/2016,Channel C,4152,487,0.117219825,68.78,33475,12,4017,5,,Q2,4,20,2016,bw10,na
5/20/2016,Channel B,279,35,0.123884908,76.93,2659,34,904,5,,Q2,4,20,2016,bw10,na
5/20/2016,Channel A,3356,772,0.230136205,76.89,59385,10,5938,5,,Q2,4,20,2016,bw10,na
5/21/2016,Channel D,6432,817,0.127088514,81.74,66817,15,10023,5,,Q2,5,20,2016,bw10,na
5/21/2016,Channel C,3043,396,0.129986502,80.43,31814,5,1591,5,,Q2,5,20,2016,bw10,na
5/21/2016,Channel B,286,42,0.147696745,78.17,3302,28,925,5,,Q2,5,20,2016,bw10,na
5/21/2016,Channel A,3021,660,0.218624965,77.25,51021,4,2041,5,,Q2,5,20,2016,bw10,na
5/22/2016,Channel A,2641,597,0.226099884,78.74,47018,7,3291,5,,Q2,6,20,2016,bw10,na
5/22/2016,Channel C,1323,240,0.181394404,78.93,18942,12,2273,5,,Q2,6,20,2016,bw10,na
5/22/2016,Channel D,5572,702,0.126034634,82.12,57670,18,10381,5,,Q2,6,20,2016,bw10,na
5/22/2016,Channel B,222,34,0.15348568,87.78,2991,21,628,5,,Q2,6,20,2016,bw10,na
5/23/2016,Channel B,118,10,0.085427364,74.6,752,16,120,5,,Q2,0,21,2016,bw11,na
5/23/2016,Channel A,1500,296,0.197104851,76.68,22671,9,2040,5,,Q2,0,21,2016,bw11,na
5/23/2016,Channel D,3064,301,0.098381548,81.19,24474,17,4161,5,,Q2,0,21,2016,bw11,na
5/23/2016,Channel C,2088,225,0.107819337,78.88,17758,8,1421,5,,Q2,0,21,2016,bw11,na
5/24/2016,Channel D,2895,334,0.115234209,79.1,26388,12,3167,5,,Q2,1,21,2016,bw11,na
5/24/2016,Channel C,873,143,0.163299765,73.73,10511,9,946,5,,Q2,1,21,2016,bw11,na
5/24/2016,Channel B,92,11,0.114833022,72.79,769,33,254,5,,Q2,1,21,2016,bw11,na
5/24/2016,Channel A,1574,331,0.210423786,72.74,24092,8,1927,5,,Q2,1,21,2016,bw11,na
5/25/2016,Channel D,6230,930,0.149240732,80.35,74707,15,11206,5,,Q2,2,21,2016,bw11,na
5/25/2016,Channel C,5286,537,0.101613705,66.9,35934,7,2515,5,,Q2,2,21,2016,bw11,na
5/25/2016,Channel B,213,33,0.153239065,80.76,2636,19,501,5,,Q2,2,21,2016,bw11,na
5/25/2016,Channel A,3213,787,0.244870572,72.86,57324,4,2293,5,,Q2,2,21,2016,bw11,na
5/26/2016,Channel A,3200,756,0.236100235,76.62,57888,10,5789,5,,Q2,3,21,2016,bw11,na
5/26/2016,Channel B,234,34,0.143572262,72.36,2431,30,729,5,,Q2,3,21,2016,bw11,na
5/26/2016,Channel C,1763,285,0.161460101,71.42,20330,6,1220,5,,Q2,3,21,2016,bw11,na
5/26/2016,Channel D,6153,835,0.135732296,82.08,68550,12,8226,5,,Q2,3,21,2016,bw11,na
5/27/2016,Channel C,3973,422,0.106318905,68.69,29015,5,1451,5,,Q2,4,21,2016,bw11,na
5/27/2016,Channel B,430,36,0.083723561,70.72,2546,24,611,5,,Q2,4,21,2016,bw11,na
5/27/2016,Channel A,3120,735,0.235694234,78.55,57763,7,4043,5,,Q2,4,21,2016,bw11,na
5/27/2016,Channel D,5781,793,0.137250897,81.8,64904,17,11034,5,,Q2,4,21,2016,bw11,na
5/28/2016,Channel D,5600,757,0.135092607,83.07,62844,12,7541,5,,Q2,5,21,2016,bw11,na
5/28/2016,Channel C,4108,481,0.117189714,75.6,36395,8,2912,5,,Q2,5,21,2016,bw11,na
5/28/2016,Channel B,271,29,0.108066306,84.17,2465,34,838,5,,Q2,5,21,2016,bw11,na
5/28/2016,Channel A,2828,631,0.223019225,80.33,50664,6,3040,5,,Q2,5,21,2016,bw11,na
5/29/2016,Channel D,4552,610,0.133917464,84.13,51285,10,5128,5,,Q2,6,21,2016,bw11,na
5/29/2016,Channel C,1290,213,0.165205404,75.41,16071,6,964,5,,Q2,6,21,2016,bw11,na
5/29/2016,Channel B,167,23,0.13510926,77.87,1757,27,474,5,,Q2,6,21,2016,bw11,na
5/29/2016,Channel A,2265,481,0.21235387,76.82,36949,10,3695,5,,Q2,6,21,2016,bw11,na
5/30/2016,Channel A,1250,238,0.190462901,74.53,17744,7,1242,5,,Q2,0,22,2016,bw11,na
5/30/2016,Channel B,96,13,0.13493385,73.57,953,32,305,5,,Q2,0,22,2016,bw11,na
5/30/2016,Channel D,2539,252,0.099252472,78.92,19888,19,3779,5,,Q2,0,22,2016,bw11,na
5/30/2016,Channel C,2181,221,0.101461315,74.74,16539,10,1654,5,,Q2,0,22,2016,bw11,na
5/31/2016,Channel D,2065,192,0.093212149,79.82,15364,19,2919,5,,Q2,1,22,2016,bw11,na
5/31/2016,Channel C,742,104,0.14036846,75.36,7849,11,863,5,,Q2,1,22,2016,bw11,na
5/31/2016,Channel B,69,9,0.125171961,72.48,626,31,194,5,,Q2,1,22,2016,bw11,na
5/31/2016,Channel A,1088,202,0.185307154,75.58,15238,3,457,5,,Q2,1,22,2016,bw11,na
6/1/2016,Channel D,2717,323,0.118902471,81.36,26284,20,5257,6,,Q2,2,22,2016,bw11,na
6/1/2016,Channel C,736,131,0.178025321,74.71,9789,12,1175,6,,Q2,2,22,2016,bw11,na
6/1/2016,Channel B,90,10,0.111987535,68.46,690,30,207,6,,Q2,2,22,2016,bw11,na
6/1/2016,Channel A,1636,347,0.211835059,72.72,25202,8,2016,6,,Q2,2,22,2016,bw11,na
6/2/2016,Channel D,5722,803,0.140336091,80.25,64441,19,12244,6,,Q2,3,22,2016,bw11,na
6/2/2016,Channel C,3720,422,0.113426308,68.35,28840,10,2884,6,,Q2,3,22,2016,bw11,na
6/2/2016,Channel B,196,36,0.18611595,76.62,2795,22,615,6,,Q2,3,22,2016,bw11,na
6/2/2016,Channel A,3084,744,0.241392548,76.46,56921,4,2277,6,,Q2,3,22,2016,bw11,na
6/3/2016,Channel A,3326,802,0.2410229,75.51,60532,9,5448,6,,Q2,4,22,2016,bw11,na
6/3/2016,Channel C,3630,432,0.118871813,69.45,29968,9,2697,6,,Q2,4,22,2016,bw11,na
6/3/2016,Channel D,5993,814,0.135839402,82.07,66812,18,12026,6,,Q2,4,22,2016,bw11,na
6/3/2016,Channel B,202,32,0.159227174,79.81,2567,30,770,6,,Q2,4,22,2016,bw11,na
6/4/2016,Channel D,5868,745,0.12695845,83.17,61961,20,12392,6,,Q2,5,22,2016,bw11,na
6/4/2016,Channel C,4280,560,0.130766422,73.19,40963,9,3687,6,,Q2,5,22,2016,bw11,na
6/4/2016,Channel B,206,46,0.22138119,84.86,3870,34,1316,6,,Q2,5,22,2016,bw11,na
6/4/2016,Channel A,3120,705,0.225846816,76.69,54039,5,2702,6,,Q2,5,22,2016,bw11,na
6/5/2016,Channel D,5239,675,0.128904528,82.37,55627,20,11125,6,,Q2,6,22,2016,bw11,na
6/5/2016,Channel C,1479,275,0.185958749,75.78,20842,5,1042,6,,Q2,6,22,2016,bw11,na
6/5/2016,Channel B,178,32,0.177952556,80.63,2554,24,613,6,,Q2,6,22,2016,bw11,na
6/5/2016,Channel A,2649,633,0.238994387,77.29,48932,7,3425,6,,Q2,6,22,2016,bw11,na
6/6/2016,Channel D,2859,296,0.103595584,80.1,23724,20,4745,6,,Q2,0,23,2016,bw12,na
6/6/2016,Channel C,2547,285,0.111747875,71.53,20359,12,2443,6,,Q2,0,23,2016,bw12,na
6/6/2016,Channel B,79,13,0.170105774,73,981,29,284,6,,Q2,0,23,2016,bw12,na
6/6/2016,Channel A,1522,323,0.211921041,73.59,23736,5,1187,6,,Q2,0,23,2016,bw12,na
6/7/2016,Channel A,1668,372,0.223315926,71.94,26797,10,2680,6,,Q2,1,23,2016,bw12,na
6/7/2016,Channel B,95,15,0.156636587,87.43,1301,33,429,6,,Q2,1,23,2016,bw12,na
6/7/2016,Channel D,2841,348,0.122317834,80.56,27995,14,3919,6,,Q2,1,23,2016,bw12,na
6/7/2016,Channel C,1026,182,0.177300695,72.86,13254,7,928,6,,Q2,1,23,2016,bw12,na
6/8/2016,Channel A,3192,744,0.232928933,73.18,54410,10,5441,6,,Q2,2,23,2016,bw12,na
6/8/2016,Channel D,5951,809,0.135986145,81.05,65590,12,7871,6,,Q2,2,23,2016,bw12,na
6/8/2016,Channel B,209,32,0.153858221,79.3,2550,33,842,6,,Q2,2,23,2016,bw12,na
6/8/2016,Channel C,4880,563,0.115468335,65.07,36666,7,2567,6,,Q2,2,23,2016,bw12,na
6/9/2016,Channel A,3135,762,0.242996275,76.06,57942,9,5215,6,,Q2,3,23,2016,bw12,na
6/9/2016,Channel D,5796,784,0.13532881,81.36,63816,11,7020,6,,Q2,3,23,2016,bw12,na
6/9/2016,Channel B,203,37,0.182064282,77.41,2861,22,629,6,,Q2,3,23,2016,bw12,na
6/9/2016,Channel C,1585,299,0.188665615,69.43,20762,5,1038,6,,Q2,3,23,2016,bw12,na
6/10/2016,Channel A,3192,761,0.23850625,76.07,57913,5,2896,6,,Q2,4,23,2016,bw12,na
6/10/2016,Channel D,5965,847,0.142021939,80.13,67883,19,12898,6,,Q2,4,23,2016,bw12,na
6/10/2016,Channel C,4502,569,0.126457578,68.17,38810,10,3881,6,,Q2,4,23,2016,bw12,na
6/10/2016,Channel B,227,38,0.169188533,81.42,3127,17,532,6,,Q2,4,23,2016,bw12,na
6/11/2016,Channel D,5555,757,0.136184377,81.87,61935,15,9290,6,,Q2,5,23,2016,bw12,na
6/11/2016,Channel C,3538,485,0.137034036,76.91,37288,9,3356,6,,Q2,5,23,2016,bw12,na
6/11/2016,Channel B,209,31,0.149302219,84.54,2638,25,660,6,,Q2,5,23,2016,bw12,na
6/11/2016,Channel A,2864,669,0.233642632,77.64,51953,9,4676,6,,Q2,5,23,2016,bw12,na
6/12/2016,Channel D,5030,671,0.133406676,81.79,54884,10,5488,6,,Q2,6,23,2016,bw12,na
6/12/2016,Channel C,2410,337,0.139814657,74.77,25194,6,1512,6,,Q2,6,23,2016,bw12,na
6/12/2016,Channel B,1564,48,0.030997622,79.62,3860,19,733,6,,Q2,6,23,2016,bw12,na
6/12/2016,Channel A,2527,570,0.225648436,76.78,43781,6,2627,6,,Q2,6,23,2016,bw12,na
6/13/2016,Channel A,1406,288,0.205187339,77.26,22289,9,2006,6,,Q2,0,24,2016,bw12,na
6/13/2016,Channel B,431,15,0.035623377,72.1,1107,22,244,6,,Q2,0,24,2016,bw12,na
6/13/2016,Channel C,2302,254,0.110299602,75.07,19061,9,1715,6,,Q2,0,24,2016,bw12,na
6/13/2016,Channel D,2688,270,0.100532747,78.44,21197,14,2968,6,,Q2,0,24,2016,bw12,na
6/14/2016,Channel D,2640,309,0.116902705,77.35,23872,19,4536,6,,Q2,1,24,2016,bw12,na
6/14/2016,Channel C,1012,180,0.17833744,73.3,13229,6,794,6,,Q2,1,24,2016,bw12,na
6/14/2016,Channel B,234,21,0.090237341,72.79,1537,19,292,6,,Q2,1,24,2016,bw12,na
6/14/2016,Channel A,1541,327,0.212430451,71.54,23419,9,2108,6,,Q2,1,24,2016,bw12,na
6/15/2016,Channel D,5821,865,0.148519545,77.93,67373,15,10106,6,,Q2,2,24,2016,bw12,na
6/15/2016,Channel C,4888,581,0.11891876,67.77,39393,10,3939,6,,Q2,2,24,2016,bw12,na
6/15/2016,Channel B,343,56,0.162348808,74.31,4138,21,869,6,,Q2,2,24,2016,bw12,na
6/15/2016,Channel A,3276,856,0.261251466,73.04,62512,5,3126,6,,Q2,2,24,2016,bw12,na
6/16/2016,Channel A,3265,794,0.243157481,74.21,58916,9,5302,6,,Q2,3,24,2016,bw12,na
6/16/2016,Channel C,1688,310,0.183420466,70.42,21803,9,1962,6,,Q2,3,24,2016,bw12,na
6/16/2016,Channel D,5877,850,0.144555586,79.45,67497,19,12824,6,,Q2,3,24,2016,bw12,na
6/16/2016,Channel B,346,40,0.11652772,101.07,4075,23,937,6,,Q2,3,24,2016,bw12,na
6/17/2016,Channel C,3902,491,0.125849472,68.38,33579,5,1679,6,,Q2,4,24,2016,bw12,na
6/17/2016,Channel D,5774,852,0.147562436,79.98,68145,17,11585,6,,Q2,4,24,2016,bw12,na
6/17/2016,Channel B,335,42,0.124675346,72.81,3041,19,578,6,,Q2,4,24,2016,bw12,na
6/17/2016,Channel A,3338,818,0.245182957,77.25,63223,3,1897,6,,Q2,4,24,2016,bw12,na
6/18/2016,Channel D,5880,838,0.14244221,80.99,67834,12,8140,6,,Q2,5,24,2016,bw12,na
6/18/2016,Channel C,3073,450,0.146355518,74.15,33349,10,3335,6,,Q2,5,24,2016,bw12,na
6/18/2016,Channel B,298,35,0.115956532,72.03,2489,16,398,6,,Q2,5,24,2016,bw12,na
6/18/2016,Channel A,3053,732,0.239614198,77.23,56497,4,2260,6,,Q2,5,24,2016,bw12,na
6/19/2016,Channel D,5393,735,0.136259927,81.55,59927,14,8390,6,,Q2,6,24,2016,bw12,na
6/19/2016,Channel C,1347,251,0.186365222,78.34,19666,9,1770,6,,Q2,6,24,2016,bw12,na
6/19/2016,Channel B,210,29,0.13944102,78.34,2294,22,505,6,,Q2,6,24,2016,bw12,na
6/19/2016,Channel A,2666,644,0.241426841,76.62,49316,8,3945,6,,Q2,6,24,2016,bw12,na
6/20/2016,Channel A,1505,319,0.211785296,76.16,24275,10,2428,6,,Q2,0,25,2016,bw13,na
6/20/2016,Channel B,90,11,0.117319456,73.02,771,18,139,6,,Q2,0,25,2016,bw13,na
6/20/2016,Channel D,3204,343,0.106970886,79.35,27196,19,5167,6,,Q2,0,25,2016,bw13,na
6/20/2016,Channel C,2174,241,0.111058175,74.42,17968,8,1437,6,,Q2,0,25,2016,bw13,na
6/21/2016,Channel D,2424,264,0.109107122,79.72,21084,14,2952,6,,Q2,1,25,2016,bw13,na
6/21/2016,Channel C,762,117,0.153059669,75.76,8836,8,707,6,,Q2,1,25,2016,bw13,na
6/21/2016,Channel B,84,14,0.165770969,71.24,992,27,268,6,,Q2,1,25,2016,bw13,na
6/21/2016,Channel A,1276,283,0.221961331,73.79,20899,10,2090,6,,Q2,1,25,2016,bw13,na
6/22/2016,Channel D,5208,770,0.147837697,79.97,61572,19,11699,6,,Q2,2,25,2016,bw13,na
6/22/2016,Channel C,4380,532,0.121420681,62,32973,7,2308,6,,Q2,2,25,2016,bw13,na
6/22/2016,Channel B,166,31,0.18794463,80.58,2514,30,754,6,,Q2,2,25,2016,bw13,na
6/22/2016,Channel A,2883,721,0.250247977,74.68,53879,3,1616,6,,Q2,2,25,2016,bw13,na
6/23/2016,Channel D,5203,715,0.137462862,80.95,57897,19,11000,6,,Q2,3,25,2016,bw13,na
6/23/2016,Channel C,1462,245,0.167764067,67.88,16649,9,1498,6,,Q2,3,25,2016,bw13,na
6/23/2016,Channel B,159,26,0.165998291,80.36,2121,23,488,6,,Q2,3,25,2016,bw13,na
6/23/2016,Channel A,2843,683,0.240237779,75.1,51293,4,2052,6,,Q2,3,25,2016,bw13,na
6/24/2016,Channel A,2801,683,0.24385017,76.05,51944,10,5194,6,,Q2,4,25,2016,bw13,na
6/24/2016,Channel B,180,31,0.170706933,73.29,2252,18,405,6,,Q2,4,25,2016,bw13,na
6/24/2016,Channel D,5152,732,0.141988838,82.28,60190,12,7223,6,,Q2,4,25,2016,bw13,na
6/24/2016,Channel C,4385,493,0.112414897,63.45,31277,7,2189,6,,Q2,4,25,2016,bw13,na
6/25/2016,Channel A,2478,602,0.243098096,76.76,46240,9,4162,6,,Q2,5,25,2016,bw13,na
6/25/2016,Channel D,4903,650,0.132653902,84.56,54998,19,10450,6,,Q2,5,25,2016,bw13,na
6/25/2016,Channel C,3284,403,0.122622614,75.39,30359,6,1822,6,,Q2,5,25,2016,bw13,na
6/25/2016,Channel B,173,31,0.177571406,87.24,2680,31,831,6,,Q2,5,25,2016,bw13,na
6/26/2016,Channel A,2205,526,0.238374298,78.82,41429,6,2486,6,,Q2,6,25,2016,bw13,na
6/26/2016,Channel D,4333,552,0.127281023,84.18,46426,18,8357,6,,Q2,6,25,2016,bw13,na
6/26/2016,Channel C,2026,257,0.126996657,73.13,18816,9,1693,6,,Q2,6,25,2016,bw13,na
6/26/2016,Channel B,136,21,0.151798678,83.46,1723,25,431,6,,Q2,6,25,2016,bw13,na
6/27/2016,Channel D,2305,226,0.097872681,78.37,17680,20,3536,6,,Q2,0,26,2016,bw13,na
6/27/2016,Channel C,2477,244,0.098641226,74.66,18242,7,1277,6,,Q2,0,26,2016,bw13,na
6/27/2016,Channel B,63,7,0.106695119,74.98,504,26,131,6,,Q2,0,26,2016,bw13,na
6/27/2016,Channel A,1172,227,0.193723018,77.69,17639,7,1235,6,,Q2,0,26,2016,bw13,na
6/28/2016,Channel D,2221,268,0.120814365,79.22,21257,18,3826,6,,Q2,1,26,2016,bw13,na
6/28/2016,Channel C,946,146,0.154762672,75.81,11099,5,555,6,,Q2,1,26,2016,bw13,na
6/28/2016,Channel B,63,9,0.137148118,67.59,584,20,117,6,,Q2,1,26,2016,bw13,na
6/28/2016,Channel A,1286,282,0.219084512,73.45,20694,9,1862,6,,Q2,1,26,2016,bw13,na
6/29/2016,Channel A,2762,709,0.256522453,72.93,51672,3,1550,6,,Q2,2,26,2016,bw13,na
6/29/2016,Channel D,5044,700,0.138739076,79.96,55956,13,7274,6,,Q2,2,26,2016,bw13,na
6/29/2016,Channel B,178,33,0.186042808,71.96,2383,29,691,6,,Q2,2,26,2016,bw13,na
6/29/2016,Channel C,4485,617,0.137631069,65.99,40734,5,2037,6,,Q2,2,26,2016,bw13,na
6/30/2016,Channel D,4996,705,0.141040718,81.26,57259,20,11452,6,,Q2,3,26,2016,bw13,na
6/30/2016,Channel C,1963,365,0.186081984,72.06,26322,11,2895,6,,Q2,3,26,2016,bw13,na
6/30/2016,Channel B,180,27,0.15202997,76.52,2094,27,565,6,,Q2,3,26,2016,bw13,na
6/30/2016,Channel A,2762,653,0.236351535,76.17,49724,6,2983,6,,Q2,3,26,2016,bw13,na
7/1/2016,Channel D,5023,670,0.133395182,81.82,54823,17,9320,7,,Q3,4,26,2016,bw13,na
7/1/2016,Channel C,3705,511,0.137845882,68.29,34877,9,3139,7,,Q3,4,26,2016,bw13,na
7/1/2016,Channel B,176,27,0.152703005,77.17,2074,23,477,7,,Q3,4,26,2016,bw13,na
7/1/2016,Channel A,2660,673,0.252993338,75.82,51024,8,4082,7,,Q3,4,26,2016,bw13,na
7/2/2016,Channel A,2471,569,0.230204435,74.86,42583,3,1277,7,,Q3,5,26,2016,bw13,na
7/2/2016,Channel B,166,29,0.176352046,75.39,2207,23,508,7,,Q3,5,26,2016,bw13,na
7/2/2016,Channel D,4978,644,0.129402422,82.78,53324,12,6399,7,,Q3,5,26,2016,bw13,na
7/2/2016,Channel C,3289,450,0.136753334,75.59,33999,10,3400,7,,Q3,5,26,2016,bw13,na
7/3/2016,Channel A,1917,439,0.228849235,79.32,34798,6,2088,7,,Q3,6,26,2016,bw13,na
7/3/2016,Channel D,4201,515,0.122484436,82.64,42523,17,7229,7,,Q3,6,26,2016,bw13,na
7/3/2016,Channel B,136,20,0.144745313,73.1,1439,32,460,7,,Q3,6,26,2016,bw13,na
7/3/2016,Channel C,1181,194,0.164611396,75.26,14631,6,878,7,,Q3,6,26,2016,bw13,na
7/4/2016,Channel D,2226,240,0.108030763,82.69,19885,19,3778,7,,Q3,0,27,2016,bw14,na
7/4/2016,Channel C,2166,216,0.099494914,73.52,15844,7,1109,7,,Q3,0,27,2016,bw14,na
7/4/2016,Channel B,63,11,0.16768984,71.75,758,29,220,7,,Q3,0,27,2016,bw14,na
7/4/2016,Channel A,1028,185,0.180241323,73.07,13539,3,406,7,,Q3,0,27,2016,bw14,na
7/5/2016,Channel D,1738,168,0.096387499,80.33,13457,11,1480,7,,Q3,1,27,2016,bw14,na
7/5/2016,Channel C,731,100,0.136587524,77.66,7754,9,698,7,,Q3,1,27,2016,bw14,na
7/5/2016,Channel B,50,6,0.124694377,65.44,408,28,114,7,,Q3,1,27,2016,bw14,na
7/5/2016,Channel A,858,163,0.190215787,74.63,12180,3,365,7,,Q3,1,27,2016,bw14,na
7/6/2016,Channel A,1071,216,0.201665888,73.26,15823,9,1424,7,,Q3,2,27,2016,bw14,na
7/6/2016,Channel B,61,9,0.149507266,84.54,771,29,224,7,,Q3,2,27,2016,bw14,na
7/6/2016,Channel D,2048,246,0.120001735,80.61,19811,20,3962,7,,Q3,2,27,2016,bw14,na
7/6/2016,Channel C,1956,215,0.10994222,77.69,16707,5,835,7,,Q3,2,27,2016,bw14,na
7/7/2016,Channel C,3621,425,0.117314794,66.46,28232,8,2259,7,,Q3,3,27,2016,bw14,na
7/7/2016,Channel B,156,26,0.169242374,79.54,2100,26,546,7,,Q3,3,27,2016,bw14,na
7/7/2016,Channel A,2255,530,0.234993974,76.76,40676,7,2847,7,,Q3,3,27,2016,bw14,na
7/7/2016,Channel D,4821,656,0.135999407,80.84,53003,12,6360,7,,Q3,3,27,2016,bw14,na
7/8/2016,Channel D,4841,700,0.144567651,81.08,56744,11,6242,7,,Q3,4,27,2016,bw14,na
7/8/2016,Channel C,3639,440,0.120826925,66.92,29424,5,1471,7,,Q3,4,27,2016,bw14,na
7/8/2016,Channel B,373,27,0.073359583,83.47,2284,25,571,7,,Q3,4,27,2016,bw14,na
7/8/2016,Channel A,2450,570,0.232565081,77.94,44409,4,1776,7,,Q3,4,27,2016,bw14,na
7/9/2016,Channel D,4876,684,0.140283612,83.87,57369,12,6884,7,,Q3,5,27,2016,bw14,na
7/9/2016,Channel C,4265,453,0.106122729,69.64,31520,12,3782,7,,Q3,5,27,2016,bw14,na
7/9/2016,Channel B,197,23,0.114530423,92.41,2085,27,563,7,,Q3,5,27,2016,bw14,na
7/9/2016,Channel A,2096,481,0.229706237,79.63,38339,4,1534,7,,Q3,5,27,2016,bw14,na
7/10/2016,Channel A,1320,309,0.23381547,80.01,24694,3,741,7,,Q3,6,27,2016,bw14,na
7/10/2016,Channel D,4594,651,0.141675789,83.86,54581,15,8187,7,,Q3,6,27,2016,bw14,na
7/10/2016,Channel C,1350,204,0.151464596,73.26,14980,5,749,7,,Q3,6,27,2016,bw14,na
7/10/2016,Channel B,180,23,0.125323991,78.02,1760,29,510,7,,Q3,6,27,2016,bw14,na
7/11/2016,Channel B,85,10,0.118541127,76.32,769,16,123,7,,Q3,0,28,2016,bw14,na
7/11/2016,Channel A,1107,243,0.219389923,76.17,18499,7,1295,7,,Q3,0,28,2016,bw14,na
7/11/2016,Channel C,2850,269,0.094311489,67.89,18248,12,2190,7,,Q3,0,28,2016,bw14,na
7/11/2016,Channel D,2493,223,0.08934174,80.91,18021,16,2883,7,,Q3,0,28,2016,bw14,na
7/12/2016,Channel D,2586,288,0.111187743,75.39,21677,17,3685,7,,Q3,1,28,2016,bw14,na
7/12/2016,Channel C,1224,156,0.127462005,68.18,10637,7,745,7,,Q3,1,28,2016,bw14,na
7/12/2016,Channel B,81,12,0.154050588,79.9,997,25,249,7,,Q3,1,28,2016,bw14,na
7/12/2016,Channel A,1196,259,0.216716047,72.56,18807,5,940,7,,Q3,1,28,2016,bw14,na
7/13/2016,Channel A,2596,612,0.235567352,75.35,46079,10,4608,7,,Q3,2,28,2016,bw14,na
7/13/2016,Channel D,5453,814,0.149196607,79.74,64874,11,7136,7,,Q3,2,28,2016,bw14,na
7/13/2016,Channel C,6804,569,0.083598356,62.25,35408,5,1770,7,,Q3,2,28,2016,bw14,na
7/13/2016,Channel B,210,33,0.155443201,79.68,2601,35,910,7,,Q3,2,28,2016,bw14,na
7/14/2016,Channel A,2411,565,0.23451488,77.52,43831,5,2192,7,,Q3,3,28,2016,bw14,na
7/14/2016,Channel B,187,37,0.19767741,78.37,2897,27,782,7,,Q3,3,28,2016,bw14,na
7/14/2016,Channel C,1868,255,0.136697269,67.19,17157,5,858,7,,Q3,3,28,2016,bw14,na
7/14/2016,Channel D,5432,728,0.133957031,81.18,59071,20,11814,7,,Q3,3,28,2016,bw14,na
7/15/2016,Channel A,2507,574,0.228992329,76.4,43860,6,2632,7,,Q3,4,28,2016,bw14,na
7/15/2016,Channel D,5577,794,0.142354877,80.83,64172,20,12834,7,,Q3,4,28,2016,bw14,na
7/15/2016,Channel C,4844,584,0.120594545,63.51,37100,5,1855,7,,Q3,4,28,2016,bw14,na
7/15/2016,Channel B,270,31,0.113778562,83.17,2555,29,741,7,,Q3,4,28,2016,bw14,na
7/16/2016,Channel B,826,95,0.114477412,91.7,8671,19,1647,7,,Q3,5,28,2016,bw14,na
7/16/2016,Channel C,3984,545,0.136874337,75.97,41427,9,3728,7,,Q3,5,28,2016,bw14,na
7/16/2016,Channel A,2248,524,0.23296524,79.01,41378,5,2069,7,,Q3,5,28,2016,bw14,na
7/16/2016,Channel D,5655,774,0.136915697,82.24,63675,11,7004,7,,Q3,5,28,2016,bw14,na
7/17/2016,Channel A,1783,433,0.243083501,78.85,34175,7,2392,7,,Q3,6,28,2016,bw14,na
7/17/2016,Channel C,1399,250,0.178416795,78.5,19594,9,1763,7,,Q3,6,28,2016,bw14,na
7/17/2016,Channel B,1355,119,0.08749572,109.61,12995,15,1949,7,,Q3,6,28,2016,bw14,na
7/17/2016,Channel D,5065,705,0.139217771,83.69,59013,15,8852,7,,Q3,6,28,2016,bw14,na
7/18/2016,Channel D,2803,287,0.102234513,81.94,23481,17,3992,7,,Q3,0,29,2016,bw15,na
7/18/2016,Channel C,2368,257,0.108436898,78.04,20039,5,1002,7,,Q3,0,29,2016,bw15,na
7/18/2016,Channel B,860,56,0.065305839,110.66,6215,30,1864,7,,Q3,0,29,2016,bw15,na
7/18/2016,Channel A,1118,256,0.228831931,76.19,19492,10,1949,7,,Q3,0,29,2016,bw15,na
7/19/2016,Channel A,1140,269,0.235782612,72.61,19517,8,1561,7,,Q3,1,29,2016,bw15,na
7/19/2016,Channel C,958,176,0.183384427,73.65,12939,11,1423,7,,Q3,1,29,2016,bw15,na
7/19/2016,Channel B,788,48,0.061523535,105.63,5121,30,1536,7,,Q3,1,29,2016,bw15,na
7/19/2016,Channel D,2634,318,0.120642643,79.11,25139,19,4776,7,,Q3,1,29,2016,bw15,na
7/20/2016,Channel D,5934,902,0.151982918,81.43,73439,13,9547,7,,Q3,2,29,2016,bw15,na
7/20/2016,Channel C,3499,366,0.104535347,73.91,27034,11,2974,7,,Q3,2,29,2016,bw15,na
7/20/2016,Channel B,1387,124,0.089634883,109.4,13601,27,3672,7,,Q3,2,29,2016,bw15,na
7/20/2016,Channel A,2678,648,0.241965028,79.3,51385,6,3083,7,,Q3,2,29,2016,bw15,na
7/21/2016,Channel C,3345,398,0.119103853,76.99,30673,6,1840,7,,Q3,3,29,2016,bw15,na
7/21/2016,Channel A,2589,650,0.251017596,77.96,50665,9,4560,7,,Q3,3,29,2016,bw15,na
7/21/2016,Channel D,5615,835,0.14873715,82.34,68767,16,11003,7,,Q3,3,29,2016,bw15,na
7/21/2016,Channel B,1530,143,0.093173081,104.9,14954,32,4785,7,,Q3,3,29,2016,bw15,na
7/22/2016,Channel B,1654,156,0.094607068,106.48,16662,23,3832,7,,Q3,4,29,2016,bw15,na
7/22/2016,Channel C,3174,368,0.11583738,73.58,27053,11,2976,7,,Q3,4,29,2016,bw15,na
7/22/2016,Channel A,2573,604,0.234880616,77.51,46843,8,3747,7,,Q3,4,29,2016,bw15,na
7/22/2016,Channel D,5596,805,0.143937455,80.38,64744,14,9064,7,,Q3,4,29,2016,bw15,na
7/23/2016,Channel C,3918,510,0.130229303,75.5,38523,7,2697,7,,Q3,5,29,2016,bw15,na
7/23/2016,Channel A,2404,586,0.243793458,79.02,46312,8,3705,7,,Q3,5,29,2016,bw15,na
7/23/2016,Channel B,1415,128,0.090229828,106.16,13554,31,4202,7,,Q3,5,29,2016,bw15,na
7/23/2016,Channel D,5568,774,0.138965912,83.01,64230,14,8992,7,,Q3,5,29,2016,bw15,na
7/24/2016,Channel D,4856,668,0.137500447,81.12,54164,10,5416,7,,Q3,6,29,2016,bw15,na
7/24/2016,Channel C,1276,242,0.189603613,76,18387,10,1839,7,,Q3,6,29,2016,bw15,na
7/24/2016,Channel B,1167,113,0.097066091,103.72,11749,33,3877,7,,Q3,6,29,2016,bw15,na
7/24/2016,Channel A,2005,486,0.242499802,79.49,38649,5,1932,7,,Q3,6,29,2016,bw15,na
7/25/2016,Channel D,2714,288,0.105934467,81.4,23403,12,2808,7,,Q3,0,30,2016,bw15,na
7/25/2016,Channel C,2758,326,0.118171635,73.58,23981,10,2398,7,,Q3,0,30,2016,bw15,na
7/25/2016,Channel B,706,43,0.060507581,102.93,4397,31,1363,7,,Q3,0,30,2016,bw15,na
7/25/2016,Channel A,1135,250,0.220318741,72.85,18217,10,1822,7,,Q3,0,30,2016,bw15,na
7/26/2016,Channel B,664,43,0.064341413,107.32,4585,26,1192,7,,Q3,1,30,2016,bw15,na
7/26/2016,Channel A,1228,288,0.234932916,73.55,21219,7,1485,7,,Q3,1,30,2016,bw15,na
7/26/2016,Channel C,1182,220,0.186405082,72.55,15985,9,1439,7,,Q3,1,30,2016,bw15,na
7/26/2016,Channel D,2595,315,0.12152073,82.3,25953,13,3374,7,,Q3,1,30,2016,bw15,na
7/27/2016,Channel D,5876,910,0.154806297,77.89,70852,16,11336,7,,Q3,2,30,2016,bw15,na
7/27/2016,Channel C,4795,553,0.115422007,70.03,38758,12,4651,7,,Q3,2,30,2016,bw15,na
7/27/2016,Channel B,1185,117,0.098837397,105.71,12381,17,2105,7,,Q3,2,30,2016,bw15,na
7/27/2016,Channel A,2912,740,0.254163925,74.99,55502,10,5550,7,,Q3,2,30,2016,bw15,na
7/28/2016,Channel A,2658,623,0.234394946,78.1,48658,6,2919,7,,Q3,3,30,2016,bw15,na
7/28/2016,Channel D,5949,845,0.142008992,81.43,68793,17,11695,7,,Q3,3,30,2016,bw15,na
7/28/2016,Channel C,2318,427,0.18430519,71.64,30606,8,2448,7,,Q3,3,30,2016,bw15,na
7/28/2016,Channel B,1188,122,0.102623518,102.57,12505,15,1876,7,,Q3,3,30,2016,bw15,na
7/29/2016,Channel A,2647,654,0.246980019,77.74,50823,4,2033,7,,Q3,4,30,2016,bw15,na
7/29/2016,Channel B,1276,115,0.089908657,102.15,11719,15,1758,7,,Q3,4,30,2016,bw15,na
7/29/2016,Channel D,5938,847,0.142601591,81.38,68910,15,10336,7,,Q3,4,30,2016,bw15,na
7/29/2016,Channel C,4560,577,0.126635321,69.29,40012,12,4801,7,,Q3,4,30,2016,bw15,na
7/30/2016,Channel D,5758,817,0.141963874,82.97,67822,15,10173,7,,Q3,5,30,2016,bw15,na
7/30/2016,Channel C,4146,548,0.132214904,74.85,41030,9,3693,7,,Q3,5,30,2016,bw15,na
7/30/2016,Channel B,1248,126,0.101152844,109.99,13885,32,4443,7,,Q3,5,30,2016,bw15,na
7/30/2016,Channel A,2299,555,0.24155733,78.46,43572,5,2179,7,,Q3,5,30,2016,bw15,na
7/31/2016,Channel A,1979,449,0.226776676,78.58,35266,9,3174,7,,Q3,6,30,2016,bw15,na
7/31/2016,Channel D,4894,622,0.127008769,82.99,51585,20,10317,7,,Q3,6,30,2016,bw15,na
7/31/2016,Channel C,1411,259,0.183694419,78.05,20230,9,1821,7,,Q3,6,30,2016,bw15,na
7/31/2016,Channel B,989,102,0.103372893,106.45,10883,35,3809,7,,Q3,6,30,2016,bw15,na
8/1/2016,Channel D,3023,297,0.098132502,79.81,23676,11,2604,8,,Q3,0,31,2016,bw16,na
8/1/2016,Channel C,2616,285,0.108798307,77.94,22183,11,2440,8,,Q3,0,31,2016,bw16,na
8/1/2016,Channel B,678,48,0.070790936,106.8,5126,34,1743,8,,Q3,0,31,2016,bw16,na
8/1/2016,Channel A,1141,243,0.213294961,76.39,18591,10,1859,8,,Q3,0,31,2016,bw16,na
8/2/2016,Channel B,628,42,0.066498281,102.56,4283,22,942,8,,Q3,1,31,2016,bw16,na
8/2/2016,Channel C,1048,202,0.192823733,76.95,15550,6,933,8,,Q3,1,31,2016,bw16,na
8/2/2016,Channel A,1375,303,0.220280289,73.82,22359,5,1118,8,,Q3,1,31,2016,bw16,na
8/2/2016,Channel D,2963,362,0.122139657,76.85,27812,18,5006,8,,Q3,1,31,2016,bw16,na
8/3/2016,Channel B,1199,113,0.094483354,107.41,12168,20,2434,8,,Q3,2,31,2016,bw16,na
8/3/2016,Channel C,4598,580,0.126111457,65.94,38236,12,4588,8,,Q3,2,31,2016,bw16,na
8/3/2016,Channel A,3003,758,0.252380355,75.84,57479,9,5173,8,,Q3,2,31,2016,bw16,na
8/3/2016,Channel D,6590,971,0.147352043,78.86,76577,20,15315,8,,Q3,2,31,2016,bw16,na
8/4/2016,Channel D,6386,904,0.141608545,80.47,72770,18,13099,8,,Q3,3,31,2016,bw16,na
8/4/2016,Channel B,1299,124,0.095332293,103.58,12827,17,2181,8,,Q3,3,31,2016,bw16,na
8/4/2016,Channel A,2763,706,0.255389318,75.7,53417,8,4273,8,,Q3,3,31,2016,bw16,na
8/4/2016,Channel C,1911,325,0.170298845,70.28,22872,11,2516,8,,Q3,3,31,2016,bw16,na
8/5/2016,Channel A,3036,687,0.226253012,77.2,53029,4,2121,8,,Q3,4,31,2016,bw16,na
8/5/2016,Channel D,6265,876,0.13975387,81.99,71787,17,12204,8,,Q3,4,31,2016,bw16,na
8/5/2016,Channel C,4850,615,0.126784064,67.84,41715,5,2086,8,,Q3,4,31,2016,bw16,na
8/5/2016,Channel B,1460,139,0.095011546,103.34,14335,21,3010,8,,Q3,4,31,2016,bw16,na
8/6/2016,Channel C,5392,661,0.122669247,74.83,49495,5,2475,8,,Q3,5,31,2016,bw16,na
8/6/2016,Channel D,6333,855,0.135057541,82.34,70427,14,9860,8,,Q3,5,31,2016,bw16,na
8/6/2016,Channel A,2702,638,0.236086261,78.38,49999,3,1500,8,,Q3,5,31,2016,bw16,na
8/6/2016,Channel B,1325,137,0.103247194,101.08,13828,16,2212,8,,Q3,5,31,2016,bw16,na
8/7/2016,Channel A,2186,512,0.234300934,78.97,40447,4,1618,8,,Q3,6,31,2016,bw16,na
8/7/2016,Channel D,5649,731,0.129489955,84.03,61467,19,11679,8,,Q3,6,31,2016,bw16,na
8/7/2016,Channel B,1155,111,0.096412155,110.69,12326,21,2588,8,,Q3,6,31,2016,bw16,na
8/7/2016,Channel C,1876,303,0.161457434,75.67,22920,10,2292,8,,Q3,6,31,2016,bw16,na
8/8/2016,Channel A,1210,251,0.207089254,76.99,19292,8,1543,8,,Q3,0,32,2016,bw16,na
8/8/2016,Channel D,3254,326,0.100159109,81.45,26546,19,5044,8,,Q3,0,32,2016,bw16,na
8/8/2016,Channel C,3528,390,0.110611271,73.13,28538,10,2854,8,,Q3,0,32,2016,bw16,na
8/8/2016,Channel B,612,47,0.076080807,104.55,4868,17,828,8,,Q3,0,32,2016,bw16,na
8/9/2016,Channel D,3010,368,0.122147757,78.15,28733,12,3448,8,,Q3,1,32,2016,bw16,na
8/9/2016,Channel C,1189,200,0.168336308,72.43,14497,6,870,8,,Q3,1,32,2016,bw16,na
8/9/2016,Channel B,624,47,0.075386007,117.94,5548,29,1609,8,,Q3,1,32,2016,bw16,na
8/9/2016,Channel A,1297,286,0.220582219,76.52,21892,8,1751,8,,Q3,1,32,2016,bw16,na
8/10/2016,Channel A,3023,724,0.239429435,76.36,55269,8,4422,8,,Q3,2,32,2016,bw16,na
8/10/2016,Channel C,4735,589,0.124376058,63,37102,9,3339,8,,Q3,2,32,2016,bw16,na
8/10/2016,Channel D,6835,1002,0.146571421,79.31,79454,11,8740,8,,Q3,2,32,2016,bw16,na
8/10/2016,Channel B,1448,122,0.084524849,102.76,12577,16,2012,8,,Q3,2,32,2016,bw16,na
8/11/2016,Channel D,6504,942,0.144880439,79.57,74979,16,11997,8,,Q3,3,32,2016,bw16,na
8/11/2016,Channel B,1616,137,0.084652246,101.5,13885,31,4304,8,,Q3,3,32,2016,bw16,na
8/11/2016,Channel A,2866,701,0.244675981,78.14,54795,10,5480,8,,Q3,3,32,2016,bw16,na
8/11/2016,Channel C,1777,322,0.181242868,70.87,22825,12,2739,8,,Q3,3,32,2016,bw16,na
8/12/2016,Channel D,6303,911,0.144544299,80.36,73213,19,13910,8,,Q3,4,32,2016,bw16,na
8/12/2016,Channel C,4353,622,0.142900757,63.41,39444,9,3550,8,,Q3,4,32,2016,bw16,na
8/12/2016,Channel B,1766,162,0.091593338,108.22,17505,31,5427,8,,Q3,4,32,2016,bw16,na
8/12/2016,Channel A,2782,696,0.250182158,76.88,53509,7,3746,8,,Q3,4,32,2016,bw16,na
8/13/2016,Channel A,2461,575,0.233664249,78.59,45193,10,4519,8,,Q3,5,32,2016,bw16,na
8/13/2016,Channel B,1613,159,0.098799786,108.5,17291,34,5879,8,,Q3,5,32,2016,bw16,na
8/13/2016,Channel D,6108,833,0.136432432,82.48,68733,16,10997,8,,Q3,5,32,2016,bw16,na
8/13/2016,Channel C,4471,554,0.124000701,76.24,42268,9,3804,8,,Q3,5,32,2016,bw16,na
8/14/2016,Channel A,1941,465,0.239370288,78.74,36584,5,1829,8,,Q3,6,32,2016,bw16,na
8/14/2016,Channel D,5343,729,0.136377602,81.98,59736,17,10155,8,,Q3,6,32,2016,bw16,na
8/14/2016,Channel B,1351,117,0.086338706,101.12,11795,21,2477,8,,Q3,6,32,2016,bw16,na
8/14/2016,Channel C,1708,296,0.17338683,75.74,22430,11,2467,8,,Q3,6,32,2016,bw16,na
8/15/2016,Channel D,3014,312,0.103360124,80.07,24944,11,2744,8,,Q3,0,33,2016,bw17,na
8/15/2016,Channel C,2885,301,0.104320216,75.74,22795,7,1596,8,,Q3,0,33,2016,bw17,na
8/15/2016,Channel B,832,66,0.079617556,109.84,7276,21,1528,8,,Q3,0,33,2016,bw17,na
8/15/2016,Channel A,1139,247,0.217016047,77.34,19117,7,1338,8,,Q3,0,33,2016,bw17,na
8/16/2016,Channel A,1290,278,0.21581478,75.05,20894,9,1880,8,,Q3,1,33,2016,bw17,na
8/16/2016,Channel B,811,65,0.079907315,107.6,6973,31,2162,8,,Q3,1,33,2016,bw17,na
8/16/2016,Channel D,3054,362,0.118660439,77.69,28154,13,3660,8,,Q3,1,33,2016,bw17,na
8/16/2016,Channel C,1339,226,0.168480206,73.53,16588,6,995,8,,Q3,1,33,2016,bw17,na
8/17/2016,Channel C,3929,445,0.113366331,71.34,31776,5,1589,8,,Q3,2,33,2016,bw17,na
8/17/2016,Channel B,1370,147,0.107560769,103.53,15256,27,4119,8,,Q3,2,33,2016,bw17,na
8/17/2016,Channel A,2826,740,0.261728327,74.21,54889,8,4391,8,,Q3,2,33,2016,bw17,na
8/17/2016,Channel D,6521,996,0.152672187,78.65,78302,10,7830,8,,Q3,2,33,2016,bw17,na
8/18/2016,Channel D,6517,974,0.149525157,80.8,78736,19,14960,8,,Q3,3,33,2016,bw17,na
8/18/2016,Channel C,1618,253,0.156633023,74.15,18792,6,1128,8,,Q3,3,33,2016,bw17,na
8/18/2016,Channel B,1439,132,0.091398161,101.58,13360,24,3206,8,,Q3,3,33,2016,bw17,na
8/18/2016,Channel A,2939,696,0.236647276,77.22,53707,7,3759,8,,Q3,3,33,2016,bw17,na
8/19/2016,Channel A,2897,726,0.25051227,76.63,55613,9,5005,8,,Q3,4,33,2016,bw17,na
8/19/2016,Channel C,4134,480,0.116223396,69.73,33503,11,3685,8,,Q3,4,33,2016,bw17,na
8/19/2016,Channel B,1766,174,0.098392359,107.74,18721,21,3931,8,,Q3,4,33,2016,bw17,na
8/19/2016,Channel D,6315,871,0.137887756,80.27,69896,14,9785,8,,Q3,4,33,2016,bw17,na
8/20/2016,Channel B,1497,151,0.101006139,109.85,16610,16,2658,8,,Q3,5,33,2016,bw17,na
8/20/2016,Channel D,6194,822,0.132674118,83.32,68471,19,13009,8,,Q3,5,33,2016,bw17,na
8/20/2016,Channel C,4881,635,0.130002411,78.89,50059,9,4505,8,,Q3,5,33,2016,bw17,na
8/20/2016,Channel A,2660,625,0.235124347,79.51,49728,9,4476,8,,Q3,5,33,2016,bw17,na
8/21/2016,Channel C,1650,272,0.164956674,77.53,21102,6,1266,8,,Q3,6,33,2016,bw17,na
8/21/2016,Channel B,1302,146,0.112438431,106.93,15654,30,4696,8,,Q3,6,33,2016,bw17,na
8/21/2016,Channel A,2307,542,0.235111856,78.65,42660,9,3839,8,,Q3,6,33,2016,bw17,na
8/21/2016,Channel D,5684,763,0.134190738,83.28,63521,14,8893,8,,Q3,6,33,2016,bw17,na
8/22/2016,Channel D,3230,357,0.110561479,82.94,29619,18,5331,8,,Q3,0,34,2016,bw17,na
8/22/2016,Channel C,3213,361,0.112486828,79.99,28910,6,1735,8,,Q3,0,34,2016,bw17,na
8/22/2016,Channel B,828,63,0.076517146,106.43,6743,21,1416,8,,Q3,0,34,2016,bw17,na
8/22/2016,Channel A,1324,290,0.219325041,77.39,22473,7,1573,8,,Q3,0,34,2016,bw17,na
8/23/2016,Channel A,1650,358,0.216735907,76.37,27311,4,1092,8,,Q3,1,34,2016,bw17,na
8/23/2016,Channel C,1215,198,0.163167267,80.49,15957,11,1755,8,,Q3,1,34,2016,bw17,na
8/23/2016,Channel D,3258,396,0.121405417,79.8,31564,14,4419,8,,Q3,1,34,2016,bw17,na
8/23/2016,Channel B,786,61,0.077556184,106.76,6508,30,1952,8,,Q3,1,34,2016,bw17,na
8/24/2016,Channel D,6772,991,0.146295882,79.92,79178,12,9501,8,,Q3,2,34,2016,bw17,na
8/24/2016,Channel C,5211,615,0.118004518,66.28,40757,10,4076,8,,Q3,2,34,2016,bw17,na
8/24/2016,Channel B,1468,149,0.101362448,109.59,16307,30,4892,8,,Q3,2,34,2016,bw17,na
8/24/2016,Channel A,3282,814,0.247888192,74.95,60977,7,4268,8,,Q3,2,34,2016,bw17,na
8/25/2016,Channel D,6599,997,0.151073685,80.92,80672,13,10487,8,,Q3,3,34,2016,bw17,na
8/25/2016,Channel C,3308,418,0.126379247,75.46,31547,12,3786,8,,Q3,3,34,2016,bw17,na
8/25/2016,Channel B,1582,156,0.098912729,101.93,15950,30,4785,8,,Q3,3,34,2016,bw17,na
8/25/2016,Channel A,2989,690,0.230928561,77.81,53708,9,4834,8,,Q3,3,34,2016,bw17,na
8/26/2016,Channel A,3205,718,0.223900631,78.8,56547,7,3958,8,,Q3,4,34,2016,bw17,na
8/26/2016,Channel B,1592,173,0.108842703,105.23,18234,29,5288,8,,Q3,4,34,2016,bw17,na
8/26/2016,Channel D,6515,934,0.143372872,80.53,75221,10,7522,8,,Q3,4,34,2016,bw17,na
8/26/2016,Channel C,5134,568,0.110704454,67.85,38563,5,1928,8,,Q3,4,34,2016,bw17,na
8/27/2016,Channel A,2793,640,0.229251234,79.01,50590,6,3035,8,,Q3,5,34,2016,bw17,na
8/27/2016,Channel D,6509,919,0.141226299,82.32,75672,16,12108,8,,Q3,5,34,2016,bw17,na
8/27/2016,Channel B,1577,181,0.115056118,103.36,18754,31,5814,8,,Q3,5,34,2016,bw17,na
8/27/2016,Channel C,4131,528,0.127698257,76.74,40482,11,4453,8,,Q3,5,34,2016,bw17,na
8/28/2016,Channel D,5919,791,0.133565278,82.74,65412,11,7195,8,,Q3,6,34,2016,bw17,na
8/28/2016,Channel C,1494,252,0.168669618,79.05,19920,6,1195,8,,Q3,6,34,2016,bw17,na
8/28/2016,Channel B,1413,160,0.113463876,106.64,17097,23,3932,8,,Q3,6,34,2016,bw17,na
8/28/2016,Channel A,2422,565,0.233253935,80.55,45506,4,1820,8,,Q3,6,34,2016,bw17,na
8/29/2016,Channel A,1272,259,0.203780301,79.6,20633,7,1444,8,,Q3,0,35,2016,bw18,na
8/29/2016,Channel C,2622,288,0.10966448,77.61,22316,9,2008,8,,Q3,0,35,2016,bw18,na
8/29/2016,Channel D,3347,338,0.100962783,80.19,27098,11,2981,8,,Q3,0,35,2016,bw18,na
8/29/2016,Channel B,791,61,0.077672279,113.43,6969,21,1463,8,,Q3,0,35,2016,bw18,na
8/30/2016,Channel D,3186,404,0.126700737,77.96,31470,12,3776,8,,Q3,1,35,2016,bw18,na
8/30/2016,Channel B,737,60,0.08206717,110.03,6655,23,1531,8,,Q3,1,35,2016,bw18,na
8/30/2016,Channel A,1469,325,0.221545864,74.3,24181,8,1934,8,,Q3,1,35,2016,bw18,na
8/30/2016,Channel C,985,171,0.173485766,73.12,12495,8,1000,8,,Q3,1,35,2016,bw18,na
8/31/2016,Channel D,6734,1030,0.152965512,80.28,82694,17,14058,8,,Q3,2,35,2016,bw18,na
8/31/2016,Channel C,4917,684,0.139119418,66.96,45804,10,4580,8,,Q3,2,35,2016,bw18,na
8/31/2016,Channel B,1470,161,0.109383213,106.64,17147,27,4630,8,,Q3,2,35,2016,bw18,na
8/31/2016,Channel A,3156,829,0.26281586,73.76,61180,4,2447,8,,Q3,2,35,2016,bw18,na
9/1/2016,Channel A,3154,719,0.227815177,77.23,55492,6,3330,9,,Q3,3,35,2016,bw18,na
9/1/2016,Channel B,1531,156,0.101897052,109.42,17070,29,4950,9,,Q3,3,35,2016,bw18,na
9/1/2016,Channel C,2054,383,0.186490774,70.51,27009,7,1891,9,,Q3,3,35,2016,bw18,na
9/1/2016,Channel D,6420,915,0.142582224,79.92,73157,17,12437,9,,Q3,3,35,2016,bw18,na
9/2/2016,Channel A,3294,777,0.235916582,76.45,59410,10,5941,9,,Q3,4,35,2016,bw18,na
9/2/2016,Channel D,6653,972,0.146034628,79.7,77434,12,9292,9,,Q3,4,35,2016,bw18,na
9/2/2016,Channel C,4723,595,0.125923532,66.5,39550,6,2373,9,,Q3,4,35,2016,bw18,na
9/2/2016,Channel B,1389,150,0.107817758,105.75,15837,26,4118,9,,Q3,4,35,2016,bw18,na
9/3/2016,Channel D,6474,857,0.132422262,81.83,70153,14,9821,9,,Q3,5,35,2016,bw18,na
9/3/2016,Channel C,4093,492,0.120202127,75.63,37209,5,1860,9,,Q3,5,35,2016,bw18,na
9/3/2016,Channel B,1489,167,0.111861829,105.36,17549,27,4738,9,,Q3,5,35,2016,bw18,na
9/3/2016,Channel A,2988,631,0.211236953,77.72,49055,8,3924,9,,Q3,5,35,2016,bw18,na
9/4/2016,Channel D,5467,703,0.12863045,82.23,57826,19,10987,9,,Q3,6,35,2016,bw18,na
9/4/2016,Channel C,1724,254,0.147295721,77.2,19604,8,1568,9,,Q3,6,35,2016,bw18,na
9/4/2016,Channel B,1241,116,0.093222624,104.53,12093,24,2902,9,,Q3,6,35,2016,bw18,na
9/4/2016,Channel A,2386,488,0.204402168,79.21,38631,7,2704,9,,Q3,6,35,2016,bw18,na
9/5/2016,Channel A,1297,252,0.194670441,76.38,19285,3,579,9,,Q3,0,36,2016,bw18,na
9/5/2016,Channel B,823,51,0.062411338,106.63,5477,26,1424,9,,Q3,0,36,2016,bw18,na
9/5/2016,Channel C,2890,242,0.083711351,73.32,17738,7,1242,9,,Q3,0,36,2016,bw18,na
9/5/2016,Channel D,3060,298,0.097251897,81.77,24334,11,2677,9,,Q3,0,36,2016,bw18,na
9/6/2016,Channel D,2649,264,0.09966483,79.11,20886,19,3968,9,,Q3,1,36,2016,bw18,na
9/6/2016,Channel C,991,147,0.148697783,70.82,10436,11,1148,9,,Q3,1,36,2016,bw18,na
9/6/2016,Channel B,722,45,0.061820713,107.54,4800,34,1632,9,,Q3,1,36,2016,bw18,na
9/6/2016,Channel A,1177,238,0.202273429,73.59,17520,5,876,9,,Q3,1,36,2016,bw18,na
9/7/2016,Channel D,3521,486,0.13809765,77.99,37922,19,7205,9,,Q3,2,36,2016,bw18,na
9/7/2016,Channel C,1040,210,0.201693121,71.92,15086,11,1659,9,,Q3,2,36,2016,bw18,na
9/7/2016,Channel B,926,97,0.105220835,109.53,10672,16,1708,9,,Q3,2,36,2016,bw18,na
9/7/2016,Channel A,1904,394,0.206988886,76.19,30027,9,2702,9,,Q3,2,36,2016,bw18,na
9/8/2016,Channel A,3153,750,0.2379409,76.87,57670,5,2884,9,,Q3,3,36,2016,bw18,na
9/8/2016,Channel C,4288,521,0.12145474,69.43,36159,6,2170,9,,Q3,3,36,2016,bw18,na
9/8/2016,Channel B,1685,173,0.102554363,105.31,18198,32,5823,9,,Q3,3,36,2016,bw18,na
9/8/2016,Channel D,6930,988,0.142623462,79.35,78428,15,11764,9,,Q3,3,36,2016,bw18,na
9/9/2016,Channel D,6694,980,0.146415785,82.04,80408,17,13669,9,,Q3,4,36,2016,bw18,na
9/9/2016,Channel C,4435,537,0.121112862,70.31,37766,12,4532,9,,Q3,4,36,2016,bw18,na
9/9/2016,Channel B,2872,191,0.066516097,108.97,20817,20,4163,9,,Q3,4,36,2016,bw18,na
9/9/2016,Channel A,3134,756,0.241071288,78.66,59429,9,5349,9,,Q3,4,36,2016,bw18,na
9/10/2016,Channel D,6826,938,0.137397501,83.59,78397,10,7840,9,,Q3,5,36,2016,bw18,na
9/10/2016,Channel C,3533,498,0.141018736,76.37,38049,12,4566,9,,Q3,5,36,2016,bw18,na
9/10/2016,Channel B,2274,192,0.084644961,99.37,19127,26,4973,9,,Q3,5,36,2016,bw18,na
9/10/2016,Channel A,2893,654,0.226133942,81.56,53357,4,2134,9,,Q3,5,36,2016,bw18,na
9/11/2016,Channel D,6144,871,0.141804505,84.13,73298,10,7330,9,,Q3,6,36,2016,bw18,na
9/11/2016,Channel C,1349,240,0.178273974,77.3,18590,9,1673,9,,Q3,6,36,2016,bw18,na
9/11/2016,Channel B,1605,160,0.099587381,107.24,17141,22,3771,9,,Q3,6,36,2016,bw18,na
9/11/2016,Channel A,2382,530,0.222674077,79.58,42210,3,1266,9,,Q3,6,36,2016,bw18,na
9/12/2016,Channel A,1545,315,0.203810155,76.78,24177,5,1209,9,,Q3,0,37,2016,bw19,na
9/12/2016,Channel D,3657,413,0.113016019,80.98,33469,11,3682,9,,Q3,0,37,2016,bw19,na
9/12/2016,Channel C,2290,265,0.115703757,76.83,20357,5,1018,9,,Q3,0,37,2016,bw19,na
9/12/2016,Channel B,984,72,0.073660275,106.62,7728,21,1623,9,,Q3,0,37,2016,bw19,na
9/13/2016,Channel D,3525,429,0.121607183,79.12,33916,11,3731,9,,Q3,1,37,2016,bw19,na
9/13/2016,Channel C,917,177,0.192616534,75.95,13415,11,1476,9,,Q3,1,37,2016,bw19,na
9/13/2016,Channel B,887,72,0.080629791,104.7,7488,31,2321,9,,Q3,1,37,2016,bw19,na
9/13/2016,Channel A,1539,342,0.222366422,74.44,25475,10,2548,9,,Q3,1,37,2016,bw19,na
9/14/2016,Channel D,6936,1019,0.146847818,80.49,81982,20,16396,9,,Q3,2,37,2016,bw19,na
9/14/2016,Channel C,5856,549,0.093777734,70.44,38683,5,1934,9,,Q3,2,37,2016,bw19,na
9/14/2016,Channel B,1496,153,0.102032853,99.01,15113,33,4987,9,,Q3,2,37,2016,bw19,na
9/14/2016,Channel A,3374,753,0.223070533,75.19,56591,7,3961,9,,Q3,2,37,2016,bw19,na
9/15/2016,Channel A,2955,697,0.236013708,78.31,54615,7,3823,9,,Q3,3,37,2016,bw19,na
9/15/2016,Channel C,2041,331,0.162265815,74.46,24660,5,1233,9,,Q3,3,37,2016,bw19,na
9/15/2016,Channel D,6964,1002,0.143922635,80.8,80984,18,14577,9,,Q3,3,37,2016,bw19,na
9/15/2016,Channel B,1620,162,0.100149864,105.94,17188,15,2578,9,,Q3,3,37,2016,bw19,na
9/16/2016,Channel D,7034,1006,0.143022776,82.86,83359,11,9169,9,,Q3,4,37,2016,bw19,na
9/16/2016,Channel C,5599,517,0.092333607,71.69,37062,5,1853,9,,Q3,4,37,2016,bw19,na
9/16/2016,Channel B,2006,203,0.101209823,107.04,21732,35,7606,9,,Q3,4,37,2016,bw19,na
9/16/2016,Channel A,2953,724,0.245271213,80.17,58066,4,2323,9,,Q3,4,37,2016,bw19,na
9/17/2016,Channel D,6936,927,0.133701327,82.15,76182,13,9904,9,,Q3,5,37,2016,bw19,na
9/17/2016,Channel C,2888,345,0.119327923,75.73,26098,7,1827,9,,Q3,5,37,2016,bw19,na
9/17/2016,Channel B,3216,193,0.059999719,104.39,20143,24,4834,9,,Q3,5,37,2016,bw19,na
9/17/2016,Channel A,2856,645,0.225878444,78.1,50383,3,1511,9,,Q3,5,37,2016,bw19,na
9/18/2016,Channel D,6181,820,0.132710487,84.65,69437,16,11110,9,,Q3,6,37,2016,bw19,na
9/18/2016,Channel C,1394,219,0.157361908,80,17549,7,1228,9,,Q3,6,37,2016,bw19,na
9/18/2016,Channel B,1885,146,0.077413312,105.13,15341,15,2301,9,,Q3,6,37,2016,bw19,na
9/18/2016,Channel A,2724,576,0.211625672,78.15,45051,5,2253,9,,Q3,6,37,2016,bw19,na
9/19/2016,Channel A,1525,305,0.200176914,79.32,24214,9,2179,9,,Q3,0,38,2016,bw19,na
9/19/2016,Channel C,1486,178,0.119524574,75.76,13456,6,807,9,,Q3,0,38,2016,bw19,na
9/19/2016,Channel D,3515,382,0.108694645,81.39,31096,10,3110,9,,Q3,0,38,2016,bw19,na
9/19/2016,Channel B,998,72,0.072150563,114.99,8280,17,1408,9,,Q3,0,38,2016,bw19,na
9/20/2016,Channel D,3588,423,0.11785397,78.74,33296,15,4994,9,,Q3,1,38,2016,bw19,na
9/20/2016,Channel C,767,116,0.150817971,72.78,8419,9,758,9,,Q3,1,38,2016,bw19,na
9/20/2016,Channel B,889,72,0.080984366,106.16,7643,15,1146,9,,Q3,1,38,2016,bw19,na
9/20/2016,Channel A,1711,360,0.210395532,75.5,27179,4,1087,9,,Q3,1,38,2016,bw19,na
9/21/2016,Channel D,7485,1064,0.142167804,78.72,83768,15,12565,9,,Q3,2,38,2016,bw19,na
9/21/2016,Channel C,3024,362,0.119846474,72.69,26344,11,2898,9,,Q3,2,38,2016,bw19,na
9/21/2016,Channel B,1597,133,0.083561727,104.58,13956,31,4326,9,,Q3,2,38,2016,bw19,na
9/21/2016,Channel A,3663,821,0.224218974,74.88,61500,10,6150,9,,Q3,2,38,2016,bw19,na
9/22/2016,Channel A,3628,775,0.213525148,77.85,60308,4,2412,9,,Q3,3,38,2016,bw19,na
9/22/2016,Channel C,3399,350,0.102945644,74.07,25918,6,1555,9,,Q3,3,38,2016,bw19,na
9/22/2016,Channel D,7431,1019,0.137194262,78.91,80448,17,13676,9,,Q3,3,38,2016,bw19,na
9/22/2016,Channel B,1725,151,0.087657078,105.92,16016,34,5445,9,,Q3,3,38,2016,bw19,na
9/23/2016,Channel D,7102,972,0.136858077,81.33,79050,20,15810,9,,Q3,4,38,2016,bw19,na
9/23/2016,Channel C,2573,333,0.129280779,74.94,24928,5,1246,9,,Q3,4,38,2016,bw19,na
9/23/2016,Channel B,1725,185,0.107125962,107.84,19928,28,5580,9,,Q3,4,38,2016,bw19,na
9/23/2016,Channel A,3537,774,0.218902902,78.67,60911,10,6091,9,,Q3,4,38,2016,bw19,na
9/24/2016,Channel D,6773,898,0.132596172,82.03,73669,16,11787,9,,Q3,5,38,2016,bw19,na
9/24/2016,Channel C,5379,600,0.111454401,76.01,45569,12,5468,9,,Q3,5,38,2016,bw19,na
9/24/2016,Channel B,1629,194,0.119048693,110.22,21375,19,4061,9,,Q3,5,38,2016,bw19,na
9/24/2016,Channel A,3252,723,0.222428911,79.01,57151,4,2286,9,,Q3,5,38,2016,bw19,na
9/25/2016,Channel A,2687,580,0.215808557,80.06,46425,5,2321,9,,Q3,6,38,2016,bw19,na
9/25/2016,Channel C,1469,254,0.173174625,76.59,19484,5,974,9,,Q3,6,38,2016,bw19,na
9/25/2016,Channel D,5942,751,0.12642764,84.75,63667,14,8913,9,,Q3,6,38,2016,bw19,na
9/25/2016,Channel B,1376,146,0.106396105,107.67,15763,32,5044,9,,Q3,6,38,2016,bw19,na
9/26/2016,Channel D,3381,311,0.091990656,80.85,25146,16,4023,9,,Q3,0,39,2016,bw20,na
9/26/2016,Channel C,3381,311,0.091990367,75.14,23370,11,2571,9,,Q3,0,39,2016,bw20,na
9/26/2016,Channel B,863,54,0.062294556,102.92,5533,31,1715,9,,Q3,0,39,2016,bw20,na
9/26/2016,Channel A,1447,287,0.198359825,75,21527,9,1937,9,,Q3,0,39,2016,bw20,na
9/27/2016,Channel D,3299,359,0.108833312,80.3,28831,20,5766,9,,Q3,1,39,2016,bw20,na
9/27/2016,Channel C,1231,203,0.164936747,75.4,15309,10,1531,9,,Q3,1,39,2016,bw20,na
9/27/2016,Channel B,759,55,0.072732273,103.29,5702,28,1597,9,,Q3,1,39,2016,bw20,na
9/27/2016,Channel A,1626,336,0.206654139,77.43,26018,10,2602,9,,Q3,1,39,2016,bw20,na
9/28/2016,Channel A,3566,774,0.217129202,76.68,59372,6,3562,9,,Q3,2,39,2016,bw20,na
9/28/2016,Channel C,5689,715,0.125641158,63.09,45095,7,3157,9,,Q3,2,39,2016,bw20,na
9/28/2016,Channel D,6941,976,0.140589079,80.84,78886,15,11833,9,,Q3,2,39,2016,bw20,na
9/28/2016,Channel B,1482,162,0.109149851,101.7,16451,34,5593,9,,Q3,2,39,2016,bw20,na
9/29/2016,Channel A,3334,779,0.233515329,77.54,60368,10,6037,9,,Q3,3,39,2016,bw20,na
9/29/2016,Channel D,6877,937,0.136250839,80.52,75447,20,15089,9,,Q3,3,39,2016,bw20,na
9/29/2016,Channel B,1636,180,0.110029256,101.74,18314,35,6410,9,,Q3,3,39,2016,bw20,na
9/29/2016,Channel C,1792,311,0.173312385,68.08,21144,11,2326,9,,Q3,3,39,2016,bw20,na
9/30/2016,Channel A,3351,784,0.233902176,77.19,60502,5,3025,9,,Q3,4,39,2016,bw20,na
9/30/2016,Channel D,6767,892,0.131870258,81.74,72942,16,11671,9,,Q3,4,39,2016,bw20,na
9/30/2016,Channel B,1896,180,0.095189882,103.33,18649,33,6154,9,,Q3,4,39,2016,bw20,na
9/30/2016,Channel C,4855,511,0.105291377,67.92,34720,5,1736,9,,Q3,4,39,2016,bw20,na
10/1/2016,Channel D,6428,844,0.131270875,83.43,70399,16,11264,10,,Q4,5,39,2016,bw20,na
10/1/2016,Channel C,4018,468,0.116476746,78.54,36757,12,4411,10,,Q4,5,39,2016,bw20,na
10/1/2016,Channel B,1536,181,0.118122873,106.77,19372,27,5230,10,,Q4,5,39,2016,bw20,na
10/1/2016,Channel A,2995,676,0.225658673,79.33,53615,6,3217,10,,Q4,5,39,2016,bw20,na
10/2/2016,Channel A,2629,593,0.225664927,79.68,47272,8,3782,10,,Q4,6,39,2016,bw20,na
10/2/2016,Channel B,1256,139,0.110821469,104.92,14604,19,2775,10,,Q4,6,39,2016,bw20,na
10/2/2016,Channel D,5937,750,0.126373871,83.43,62596,15,9389,10,,Q4,6,39,2016,bw20,na
10/2/2016,Channel C,1837,329,0.179239149,77.54,25531,10,2553,10,,Q4,6,39,2016,bw20,na
10/3/2016,Channel C,4204,362,0.086084205,77.45,28029,8,2242,10,,Q4,0,40,2016,bw20,na
10/3/2016,Channel B,706,52,0.073431283,110.72,5740,28,1607,10,,Q4,0,40,2016,bw20,na
10/3/2016,Channel A,1662,314,0.188880514,76.44,23996,7,1680,10,,Q4,0,40,2016,bw20,na
10/3/2016,Channel D,3259,317,0.097361538,80.63,25584,20,5117,10,,Q4,0,40,2016,bw20,na
10/4/2016,Channel D,3386,392,0.11567458,78.19,30625,11,3369,10,,Q4,1,40,2016,bw20,na
10/4/2016,Channel C,1382,213,0.154201402,74.01,15772,7,1104,10,,Q4,1,40,2016,bw20,na
10/4/2016,Channel B,694,57,0.08162359,92.15,5220,20,1044,10,,Q4,1,40,2016,bw20,na
10/4/2016,Channel A,1976,378,0.191180138,76.3,28824,3,865,10,,Q4,1,40,2016,bw20,na
10/5/2016,Channel A,3810,764,0.200433268,75.82,57900,5,2895,10,,Q4,2,40,2016,bw20,na
10/5/2016,Channel C,5356,639,0.119370341,69.89,44684,8,3575,10,,Q4,2,40,2016,bw20,na
10/5/2016,Channel D,6922,949,0.137088201,80.43,76322,14,10685,10,,Q4,2,40,2016,bw20,na
10/5/2016,Channel B,1321,163,0.123545525,98.95,16149,16,2584,10,,Q4,2,40,2016,bw20,na
10/6/2016,Channel D,6737,905,0.134378861,81.35,73647,15,11047,10,,Q4,3,40,2016,bw20,na
10/6/2016,Channel C,2002,336,0.167819696,73.69,24758,5,1238,10,,Q4,3,40,2016,bw20,na
10/6/2016,Channel B,1450,167,0.114862929,101.08,16835,27,4545,10,,Q4,3,40,2016,bw20,na
10/6/2016,Channel A,3505,775,0.221034687,75.89,58794,6,3528,10,,Q4,3,40,2016,bw20,na
10/7/2016,Channel D,6465,841,0.130158941,81.08,68227,14,9552,10,,Q4,4,40,2016,bw20,na
10/7/2016,Channel C,5134,544,0.105927203,71.64,38960,8,3117,10,,Q4,4,40,2016,bw20,na
10/7/2016,Channel B,3713,229,0.061794506,92.28,21173,22,4658,10,,Q4,4,40,2016,bw20,na
10/7/2016,Channel A,3660,779,0.212712093,77.49,60328,4,2413,10,,Q4,4,40,2016,bw20,na
10/8/2016,Channel A,3022,615,0.203470419,81.41,50058,8,4005,10,,Q4,5,40,2016,bw20,na
10/8/2016,Channel B,1875,154,0.081921811,108.37,16646,22,3662,10,,Q4,5,40,2016,bw20,na
10/8/2016,Channel D,6247,778,0.124557725,82.42,64132,17,10902,10,,Q4,5,40,2016,bw20,na
10/8/2016,Channel C,4336,493,0.113689344,75.11,37026,12,4443,10,,Q4,5,40,2016,bw20,na
10/9/2016,Channel D,5502,612,0.111142607,84.56,51709,10,5171,10,,Q4,6,40,2016,bw20,na
10/9/2016,Channel C,1481,227,0.152979273,79.21,17946,12,2154,10,,Q4,6,40,2016,bw20,na
10/9/2016,Channel B,1313,126,0.095781149,103.53,13020,35,4557,10,,Q4,6,40,2016,bw20,na
10/9/2016,Channel A,2738,458,0.167424302,80.64,36966,8,2957,10,,Q4,6,40,2016,bw20,na
10/10/2016,Channel D,3113,217,0.069846155,81.98,17825,14,2496,10,,Q4,0,41,2016,bw21,na
10/10/2016,Channel C,3667,216,0.059039753,73.46,15904,12,1908,10,,Q4,0,41,2016,bw21,na
10/10/2016,Channel B,737,52,0.07098582,109.43,5725,27,1546,10,,Q4,0,41,2016,bw21,na
10/10/2016,Channel A,1533,217,0.141832961,79.92,17377,5,869,10,,Q4,0,41,2016,bw21,na
10/11/2016,Channel A,1653,282,0.170737975,75.52,21314,8,1705,10,,Q4,1,41,2016,bw21,na
10/11/2016,Channel B,690,49,0.071651129,104.33,5158,15,774,10,,Q4,1,41,2016,bw21,na
10/11/2016,Channel D,3065,272,0.08864569,81.34,22100,17,3757,10,,Q4,1,41,2016,bw21,na
10/11/2016,Channel C,1200,132,0.109999089,73.19,9661,6,580,10,,Q4,1,41,2016,bw21,na
10/12/2016,Channel A,3406,688,0.202081461,77.11,53074,7,3715,10,,Q4,2,41,2016,bw21,na
10/12/2016,Channel D,6340,811,0.127942814,79.14,64195,13,8345,10,,Q4,2,41,2016,bw21,na
10/12/2016,Channel B,1342,144,0.106938544,100.64,14443,26,3755,10,,Q4,2,41,2016,bw21,na
10/12/2016,Channel C,5614,596,0.106184599,73.46,43791,12,5255,10,,Q4,2,41,2016,bw21,na
10/13/2016,Channel A,3701,746,0.201674997,76.51,57107,4,2284,10,,Q4,3,41,2016,bw21,na
10/13/2016,Channel D,6932,850,0.122625958,81.13,68964,13,8965,10,,Q4,3,41,2016,bw21,na
10/13/2016,Channel B,1492,147,0.098767256,102.87,15159,23,3487,10,,Q4,3,41,2016,bw21,na
10/13/2016,Channel C,5274,477,0.090463165,65.51,31255,10,3126,10,,Q4,3,41,2016,bw21,na
10/14/2016,Channel A,3556,734,0.206396783,77.68,57013,6,3421,10,,Q4,4,41,2016,bw21,na
10/14/2016,Channel D,6960,851,0.122207511,81.52,69338,18,12481,10,,Q4,4,41,2016,bw21,na
10/14/2016,Channel C,4470,435,0.097390206,67.47,29372,10,2937,10,,Q4,4,41,2016,bw21,na
10/14/2016,Channel B,2379,193,0.081306608,94.65,18308,20,3662,10,,Q4,4,41,2016,bw21,na
10/15/2016,Channel D,7161,904,0.126213578,83.87,75803,16,12128,10,,Q4,5,41,2016,bw21,na
10/15/2016,Channel C,5352,488,0.091215823,70.77,34549,10,3455,10,,Q4,5,41,2016,bw21,na
10/15/2016,Channel B,1806,188,0.103922592,102.47,19232,26,5000,10,,Q4,5,41,2016,bw21,na
10/15/2016,Channel A,3838,766,0.199465292,80.14,61351,7,4295,10,,Q4,5,41,2016,bw21,na
10/16/2016,Channel A,3523,720,0.204501353,79.43,57226,8,4578,10,,Q4,6,41,2016,bw21,na
10/16/2016,Channel C,2011,306,0.152274361,76.16,23322,11,2565,10,,Q4,6,41,2016,bw21,na
10/16/2016,Channel D,6584,863,0.131012534,82.35,71034,17,12076,10,,Q4,6,41,2016,bw21,na
10/16/2016,Channel B,1616,165,0.101882296,103.71,17075,15,2561,10,,Q4,6,41,2016,bw21,na
10/17/2016,Channel D,3609,365,0.101217007,81.97,29943,20,5989,10,,Q4,0,42,2016,bw21,na
10/17/2016,Channel B,965,89,0.092025122,103.7,9209,26,2394,10,,Q4,0,42,2016,bw21,na
10/17/2016,Channel A,2057,368,0.178979565,76.29,28087,4,1123,10,,Q4,0,42,2016,bw21,na
10/17/2016,Channel C,4662,349,0.074851892,70.16,24483,8,1959,10,,Q4,0,42,2016,bw21,na
10/18/2016,Channel D,3636,390,0.107201323,80.56,31401,11,3454,10,,Q4,1,42,2016,bw21,na
10/18/2016,Channel C,1438,203,0.141191415,71.87,14592,8,1167,10,,Q4,1,42,2016,bw21,na
10/18/2016,Channel B,913,74,0.080964838,105.18,7775,16,1244,10,,Q4,1,42,2016,bw21,na
10/18/2016,Channel A,2088,409,0.196088943,75.58,30945,4,1238,10,,Q4,1,42,2016,bw21,na
10/19/2016,Channel A,4437,965,0.21744995,76.76,74060,4,2962,10,,Q4,2,42,2016,bw21,na
10/19/2016,Channel B,1581,177,0.1120311,104.07,18433,16,2949,10,,Q4,2,42,2016,bw21,na
10/19/2016,Channel D,8135,1164,0.143135277,78.13,90975,12,10917,10,,Q4,2,42,2016,bw21,na
10/19/2016,Channel C,6257,749,0.119756839,63.1,47282,6,2837,10,,Q4,2,42,2016,bw21,na
10/20/2016,Channel A,3766,786,0.208644369,77.78,61116,5,3056,10,,Q4,3,42,2016,bw21,na
10/20/2016,Channel D,7536,1073,0.142419344,79.58,85411,16,13666,10,,Q4,3,42,2016,bw21,na
10/20/2016,Channel B,1767,198,0.11192008,108.17,21392,29,6204,10,,Q4,3,42,2016,bw21,na
10/20/2016,Channel C,2018,325,0.161271514,69.52,22625,9,2036,10,,Q4,3,42,2016,bw21,na
10/21/2016,Channel D,7344,1036,0.141118124,80.86,83801,12,10056,10,,Q4,4,42,2016,bw21,na
10/21/2016,Channel C,4842,647,0.13362302,63.89,41337,7,2894,10,,Q4,4,42,2016,bw21,na
10/21/2016,Channel B,1640,171,0.104488801,106.71,18286,20,3657,10,,Q4,4,42,2016,bw21,na
10/21/2016,Channel A,3839,830,0.216304638,80.05,66473,10,6647,10,,Q4,4,42,2016,bw21,na
10/22/2016,Channel A,3677,768,0.208742952,79.44,60974,8,4878,10,,Q4,5,42,2016,bw21,na
10/22/2016,Channel B,1787,187,0.104489105,104.76,19561,26,5086,10,,Q4,5,42,2016,bw21,na
10/22/2016,Channel D,7473,945,0.126403544,81.41,76901,10,7690,10,,Q4,5,42,2016,bw21,na
10/22/2016,Channel C,5153,556,0.107861651,73.05,40602,6,2436,10,,Q4,5,42,2016,bw21,na
10/23/2016,Channel C,1639,248,0.151112847,75.45,18687,8,1495,10,,Q4,6,42,2016,bw21,na
10/23/2016,Channel B,1318,140,0.106344025,107.79,15108,15,2266,10,,Q4,6,42,2016,bw21,na
10/23/2016,Channel A,2522,542,0.214867681,79.84,43265,3,1298,10,,Q4,6,42,2016,bw21,na
10/23/2016,Channel D,5493,668,0.121631941,83.7,55922,19,10625,10,,Q4,6,42,2016,bw21,na
10/24/2016,Channel D,3369,308,0.091331878,80.29,24705,18,4447,10,,Q4,0,43,2016,bw22,na
10/24/2016,Channel C,3917,340,0.086761206,72.91,24778,11,2726,10,,Q4,0,43,2016,bw22,na
10/24/2016,Channel B,870,72,0.082760227,114.47,8242,27,2225,10,,Q4,0,43,2016,bw22,na
10/24/2016,Channel A,1689,319,0.188993937,78.81,25157,4,1006,10,,Q4,0,43,2016,bw22,na
10/25/2016,Channel A,1928,370,0.191695876,76.52,28281,3,848,10,,Q4,1,43,2016,bw22,na
10/25/2016,Channel C,1403,242,0.172427598,72.55,17551,11,1931,10,,Q4,1,43,2016,bw22,na
10/25/2016,Channel D,3269,359,0.109831372,78.44,28163,17,4788,10,,Q4,1,43,2016,bw22,na
10/25/2016,Channel B,824,60,0.072815534,105.6,6336,17,1077,10,,Q4,1,43,2016,bw22,na
10/26/2016,Channel D,7312,996,0.136222818,80.99,80671,17,13714,10,,Q4,2,43,2016,bw22,na
10/26/2016,Channel C,5533,587,0.106096819,72.11,42331,5,2117,10,,Q4,2,43,2016,bw22,na
10/26/2016,Channel B,1507,163,0.108295813,98.32,16046,28,4493,10,,Q4,2,43,2016,bw22,na
10/26/2016,Channel A,4670,893,0.191289862,75.79,67705,3,2031,10,,Q4,2,43,2016,bw22,na
10/27/2016,Channel D,7032,968,0.137612948,79.15,76593,17,13021,10,,Q4,3,43,2016,bw22,na
10/27/2016,Channel C,4163,448,0.107689252,73.98,33166,9,2985,10,,Q4,3,43,2016,bw22,na
10/27/2016,Channel B,1780,164,0.092225758,107.26,17608,29,5106,10,,Q4,3,43,2016,bw22,na
10/27/2016,Channel A,4507,904,0.200652936,77.6,70177,9,6316,10,,Q4,3,43,2016,bw22,na
10/28/2016,Channel D,6671,924,0.13857988,81.05,74928,14,10490,10,,Q4,4,43,2016,bw22,na
10/28/2016,Channel C,4774,528,0.110699913,68.22,36053,7,2524,10,,Q4,4,43,2016,bw22,na
10/28/2016,Channel B,1788,178,0.099597239,105.93,18864,35,6602,10,,Q4,4,43,2016,bw22,na
10/28/2016,Channel A,4156,804,0.193560958,78.39,63060,5,3153,10,,Q4,4,43,2016,bw22,na
10/29/2016,Channel A,3852,789,0.204743126,77.85,61398,3,1842,10,,Q4,5,43,2016,bw22,na
10/29/2016,Channel D,6629,868,0.130921713,82.69,71765,15,10765,10,,Q4,5,43,2016,bw22,na
10/29/2016,Channel C,4740,561,0.11827499,76.67,42983,6,2579,10,,Q4,5,43,2016,bw22,na
10/29/2016,Channel B,1536,163,0.105930974,107.75,17532,18,3156,10,,Q4,5,43,2016,bw22,na
10/30/2016,Channel D,5770,753,0.130436622,81.51,61346,20,12269,10,,Q4,6,43,2016,bw22,na
10/30/2016,Channel C,1780,302,0.169894697,78.34,23691,12,2843,10,,Q4,6,43,2016,bw22,na
10/30/2016,Channel B,1013,147,0.144990128,105.6,15510,31,4808,10,,Q4,6,43,2016,bw22,na
10/30/2016,Channel A,2904,629,0.216539841,78.49,49357,7,3455,10,,Q4,6,43,2016,bw22,na
10/31/2016,Channel D,2971,303,0.102109664,79.28,24051,17,4089,10,,Q4,0,44,2016,bw22,na
10/31/2016,Channel C,3330,288,0.086492565,79.05,22768,12,2732,10,,Q4,0,44,2016,bw22,na
10/31/2016,Channel B,535,51,0.095098466,108.24,5507,16,881,10,,Q4,0,44,2016,bw22,na
10/31/2016,Channel A,1582,312,0.196918022,76.1,23707,9,2134,10,,Q4,0,44,2016,bw22,na
11/1/2016,Channel A,1775,364,0.205247227,76.22,27768,3,833,11,,Q4,1,44,2016,bw22,na
11/1/2016,Channel D,3037,336,0.110471395,79.94,26820,15,4023,11,,Q4,1,44,2016,bw22,na
11/1/2016,Channel C,1150,197,0.171131354,75.65,14888,5,744,11,,Q4,1,44,2016,bw22,na
11/1/2016,Channel B,517,49,0.095627365,98.1,4850,15,728,11,,Q4,1,44,2016,bw22,na
11/2/2016,Channel D,6100,908,0.148807731,79.46,72128,14,10098,11,,Q4,2,44,2016,bw22,na
11/2/2016,Channel C,6101,607,0.099452243,68.51,41569,5,2078,11,,Q4,2,44,2016,bw22,na
11/2/2016,Channel B,1048,139,0.13237227,105.82,14680,15,2202,11,,Q4,2,44,2016,bw22,na
11/2/2016,Channel A,3413,795,0.233039908,75.3,59891,9,5390,11,,Q4,2,44,2016,bw22,na
11/3/2016,Channel D,6638,924,0.139132213,81.75,75501,12,9060,11,,Q4,3,44,2016,bw22,na
11/3/2016,Channel C,2502,376,0.150399911,72.66,27342,12,3281,11,,Q4,3,44,2016,bw22,na
11/3/2016,Channel B,1152,161,0.139586662,108.48,17444,30,5233,11,,Q4,3,44,2016,bw22,na
11/3/2016,Channel A,3785,855,0.225994997,76.33,65292,10,6529,11,,Q4,3,44,2016,bw22,na
11/4/2016,Channel A,4020,865,0.215290617,76.77,66442,9,5980,11,,Q4,4,44,2016,bw22,na
11/4/2016,Channel C,5352,585,0.109237929,70.97,41492,9,3734,11,,Q4,4,44,2016,bw22,na
11/4/2016,Channel D,6747,949,0.140654511,82.17,77979,15,11697,11,,Q4,4,44,2016,bw22,na
11/4/2016,Channel B,1701,231,0.13601649,99.19,22949,28,6426,11,,Q4,4,44,2016,bw22,na
11/5/2016,Channel D,6640,903,0.136042666,83.05,75021,11,8252,11,,Q4,5,44,2016,bw22,na
11/5/2016,Channel C,5782,591,0.102192324,71.46,42224,6,2533,11,,Q4,5,44,2016,bw22,na
11/5/2016,Channel B,2026,228,0.112301349,90.98,20700,16,3312,11,,Q4,5,44,2016,bw22,na
11/5/2016,Channel A,3823,757,0.197886788,79.28,59977,7,4198,11,,Q4,5,44,2016,bw22,na
11/6/2016,Channel D,5943,798,0.134230886,82.53,65837,19,12509,11,,Q4,6,44,2016,bw22,na
11/6/2016,Channel C,6379,808,0.126721757,74.06,59867,12,7184,11,,Q4,6,44,2016,bw22,na
11/6/2016,Channel B,1764,204,0.115651865,93.02,18977,34,6452,11,,Q4,6,44,2016,bw22,na
11/6/2016,Channel A,3215,733,0.228142834,77.69,56984,8,4559,11,,Q4,6,44,2016,bw22,na
11/7/2016,Channel A,1869,337,0.180297644,78.05,26301,4,1052,11,,Q4,0,45,2016,bw23,na
11/7/2016,Channel B,1203,121,0.100955341,89.7,10894,19,2070,11,,Q4,0,45,2016,bw23,na
11/7/2016,Channel D,3208,332,0.103390284,81.86,27151,14,3801,11,,Q4,0,45,2016,bw23,na
11/7/2016,Channel C,4111,339,0.082549816,71.82,24373,7,1706,11,,Q4,0,45,2016,bw23,na
11/8/2016,Channel D,3290,362,0.110149507,79.77,28908,18,5203,11,,Q4,1,45,2016,bw23,na
11/8/2016,Channel C,1474,223,0.151421274,72.99,16291,5,815,11,,Q4,1,45,2016,bw23,na
11/8/2016,Channel B,1184,122,0.102979201,85.92,10476,20,2095,11,,Q4,1,45,2016,bw23,na
11/8/2016,Channel A,2087,396,0.1895186,76.43,30230,7,2116,11,,Q4,1,45,2016,bw23,na
11/9/2016,Channel D,6866,988,0.143872215,80.75,79767,19,15156,11,,Q4,2,45,2016,bw23,na
11/9/2016,Channel C,5911,722,0.122132101,67.92,49033,7,3432,11,,Q4,2,45,2016,bw23,na
11/9/2016,Channel B,1916,247,0.129019054,94.66,23400,19,4446,11,,Q4,2,45,2016,bw23,na
11/9/2016,Channel A,3727,902,0.242130784,77.64,70064,9,6306,11,,Q4,2,45,2016,bw23,na
11/10/2016,Channel D,6035,802,0.132832044,80.42,64468,18,11604,11,,Q4,3,45,2016,bw23,na
11/10/2016,Channel C,4033,455,0.112703868,76.08,34581,10,3458,11,,Q4,3,45,2016,bw23,na
11/10/2016,Channel B,1740,219,0.125799984,97.29,21296,16,3407,11,,Q4,3,45,2016,bw23,na
11/10/2016,Channel A,3200,753,0.235200372,76.67,57705,7,4039,11,,Q4,3,45,2016,bw23,na
11/11/2016,Channel A,3057,736,0.24069349,80,58864,10,5886,11,,Q4,4,45,2016,bw23,na
11/11/2016,Channel C,4818,503,0.104309175,71.83,36099,10,3610,11,,Q4,4,45,2016,bw23,na
11/11/2016,Channel D,5825,838,0.143877703,81.26,68103,14,9534,11,,Q4,4,45,2016,bw23,na
11/11/2016,Channel B,1838,221,0.120132515,96.57,21323,18,3838,11,,Q4,4,45,2016,bw23,na
11/12/2016,Channel D,6652,917,0.137893467,81.02,74317,10,7432,11,,Q4,5,45,2016,bw23,na
11/12/2016,Channel C,4940,679,0.137385838,79.15,53718,10,5372,11,,Q4,5,45,2016,bw23,na
11/12/2016,Channel B,1844,249,0.134829389,95.3,23694,18,4265,11,,Q4,5,45,2016,bw23,na
11/12/2016,Channel A,3182,783,0.246195503,79.55,62319,9,5609,11,,Q4,5,45,2016,bw23,na
11/13/2016,Channel D,5360,606,0.113012549,83.17,50380,15,7557,11,,Q4,6,45,2016,bw23,na
11/13/2016,Channel C,1938,273,0.140935627,82.63,22569,7,1580,11,,Q4,6,45,2016,bw23,na
11/13/2016,Channel B,1475,164,0.111299378,98.93,16241,18,2923,11,,Q4,6,45,2016,bw23,na
11/13/2016,Channel A,2607,555,0.213023734,79.49,44145,5,2207,11,,Q4,6,45,2016,bw23,na
11/14/2016,Channel A,1950,410,0.210210274,72.25,29616,4,1185,11,,Q4,0,46,2016,bw23,na
11/14/2016,Channel D,3331,333,0.100011302,80.06,26671,16,4267,11,,Q4,0,46,2016,bw23,na
11/14/2016,Channel C,3030,306,0.101063255,79.4,24314,5,1216,11,,Q4,0,46,2016,bw23,na
11/14/2016,Channel B,985,87,0.088197509,96.53,8386,23,1929,11,,Q4,0,46,2016,bw23,na
11/15/2016,Channel A,1870,434,0.232043253,74.32,32249,7,2257,11,,Q4,1,46,2016,bw23,na
11/15/2016,Channel D,3336,359,0.107477654,79.75,28594,13,3717,11,,Q4,1,46,2016,bw23,na
11/15/2016,Channel B,900,93,0.103476212,90.52,8430,30,2529,11,,Q4,1,46,2016,bw23,na
11/15/2016,Channel C,1356,230,0.169544077,76.35,17553,8,1404,11,,Q4,1,46,2016,bw23,na
11/16/2016,Channel A,3726,956,0.256480294,77.76,74311,9,6688,11,,Q4,2,46,2016,bw23,na
11/16/2016,Channel D,6918,969,0.140008377,78.83,76353,15,11453,11,,Q4,2,46,2016,bw23,na
11/16/2016,Channel B,1803,217,0.120594065,98.33,21380,35,7483,11,,Q4,2,46,2016,bw23,na
11/16/2016,Channel C,6428,769,0.119703855,67.51,51946,6,3117,11,,Q4,2,46,2016,bw23,na
11/17/2016,Channel D,6964,983,0.141092843,78.66,77289,16,12366,11,,Q4,3,46,2016,bw23,na
11/17/2016,Channel C,6280,848,0.134980381,73.39,62211,8,4977,11,,Q4,3,46,2016,bw23,na
11/17/2016,Channel B,2047,245,0.119595419,94.06,23027,34,7829,11,,Q4,3,46,2016,bw23,na
11/17/2016,Channel A,3812,913,0.239495514,76.33,69686,5,3484,11,,Q4,3,46,2016,bw23,na
11/18/2016,Channel A,3662,912,0.248921493,76.62,69843,7,4889,11,,Q4,4,46,2016,bw23,na
11/18/2016,Channel B,6095,409,0.067175419,86.6,35457,23,8155,11,,Q4,4,46,2016,bw23,na
11/18/2016,Channel D,6339,913,0.143951835,81.93,74762,18,13457,11,,Q4,4,46,2016,bw23,na
11/18/2016,Channel C,6420,823,0.128218096,69.3,57045,10,5704,11,,Q4,4,46,2016,bw23,na
11/19/2016,Channel C,5905,817,0.138438501,75.06,61360,7,4295,11,,Q4,5,46,2016,bw23,na
11/19/2016,Channel B,6063,425,0.070062245,88.19,37462,28,10489,11,,Q4,5,46,2016,bw23,na
11/19/2016,Channel A,3432,890,0.259305661,79.4,70661,5,3533,11,,Q4,5,46,2016,bw23,na
11/19/2016,Channel D,6960,971,0.139452024,82.07,79656,10,7966,11,,Q4,5,46,2016,bw23,na
11/20/2016,Channel D,6192,849,0.137058321,82.03,69616,16,11139,11,,Q4,6,46,2016,bw23,na
11/20/2016,Channel C,5278,668,0.126588132,75.06,50150,9,4514,11,,Q4,6,46,2016,bw23,na
11/20/2016,Channel B,2507,281,0.112195622,92.12,25911,29,7514,11,,Q4,6,46,2016,bw23,na
11/20/2016,Channel A,3249,731,0.224860661,79.68,58212,7,4075,11,,Q4,6,46,2016,bw23,na
11/21/2016,Channel A,2109,449,0.212813575,78.22,35107,8,2809,11,,Q4,0,47,2016,bw24,na
11/21/2016,Channel C,4428,450,0.101568508,78.54,35323,12,4239,11,,Q4,0,47,2016,bw24,na
11/21/2016,Channel D,3772,402,0.106640368,80.98,32574,18,5863,11,,Q4,0,47,2016,bw24,na
11/21/2016,Channel B,1343,144,0.106866359,89.45,12838,22,2824,11,,Q4,0,47,2016,bw24,na
11/22/2016,Channel D,3729,454,0.121640898,80.58,36551,14,5117,11,,Q4,1,47,2016,bw24,na
11/22/2016,Channel C,4807,714,0.148590443,74.82,53442,6,3207,11,,Q4,1,47,2016,bw24,na
11/22/2016,Channel B,1224,135,0.110587722,86.54,11714,15,1757,11,,Q4,1,47,2016,bw24,na
11/22/2016,Channel A,2397,526,0.219479774,78.91,41514,7,2906,11,,Q4,1,47,2016,bw24,na
11/23/2016,Channel D,7485,1082,0.144545432,81.87,88577,14,12401,11,,Q4,2,47,2016,bw24,na
11/23/2016,Channel C,12033,1721,0.143038847,75.52,129984,8,10399,11,,Q4,2,47,2016,bw24,na
11/23/2016,Channel B,2153,296,0.137333144,90.01,26614,34,9049,11,,Q4,2,47,2016,bw24,na
11/23/2016,Channel A,4517,1079,0.238874825,78.61,84820,4,3393,11,,Q4,2,47,2016,bw24,na
11/24/2016,Channel A,3765,868,0.230616564,81.22,70521,9,6347,11,,Q4,3,47,2016,bw24,na
11/24/2016,Channel B,1932,224,0.116025627,92.13,20652,31,6402,11,,Q4,3,47,2016,bw24,na
11/24/2016,Channel D,7153,929,0.129920904,81.98,76186,15,11428,11,,Q4,3,47,2016,bw24,na
11/24/2016,Channel C,6679,1072,0.160468564,77.93,83523,5,4176,11,,Q4,3,47,2016,bw24,na
11/25/2016,Channel D,5714,656,0.114828455,84.75,55607,18,10009,11,,Q4,4,47,2016,bw24,na
11/25/2016,Channel C,4940,733,0.148466648,79.79,58520,6,3511,11,,Q4,4,47,2016,bw24,na
11/25/2016,Channel B,2090,195,0.093241966,91.72,17874,30,5362,11,,Q4,4,47,2016,bw24,na
11/25/2016,Channel A,3008,630,0.20952314,80.21,50552,9,4550,11,,Q4,4,47,2016,bw24,na
11/26/2016,Channel D,2218,186,0.083966044,84.5,15737,19,2990,11,,Q4,5,47,2016,bw24,na
11/26/2016,Channel C,941,85,0.090283911,81.7,6941,5,347,11,,Q4,5,47,2016,bw24,na
11/26/2016,Channel B,625,54,0.086022564,97.5,5242,35,1835,11,,Q4,5,47,2016,bw24,na
11/26/2016,Channel A,1295,187,0.144190732,79.56,14856,9,1337,11,,Q4,5,47,2016,bw24,na
11/27/2016,Channel A,1986,329,0.165569686,80.01,26309,9,2368,11,,Q4,6,47,2016,bw24,na
11/27/2016,Channel B,1266,122,0.096685479,98.51,12058,25,3014,11,,Q4,6,47,2016,bw24,na
11/27/2016,Channel D,3526,329,0.093248738,82.41,27096,11,2981,11,,Q4,6,47,2016,bw24,na
11/27/2016,Channel C,2970,216,0.072889751,80.57,17442,11,1919,11,,Q4,6,47,2016,bw24,na
11/28/2016,Channel D,2946,257,0.087169804,85.56,21972,12,2637,11,,Q4,0,48,2016,bw24,na
11/28/2016,Channel C,3208,225,0.070029164,75.77,17022,7,1192,11,,Q4,0,48,2016,bw24,na
11/28/2016,Channel B,1208,113,0.093782204,99.03,11219,29,3254,11,,Q4,0,48,2016,bw24,na
11/28/2016,Channel A,1847,341,0.184515321,79.02,26930,4,1077,11,,Q4,0,48,2016,bw24,na
11/29/2016,Channel D,3310,348,0.104990251,83.19,28910,15,4336,11,,Q4,1,48,2016,bw24,na
11/29/2016,Channel C,4226,396,0.093814701,82.79,32823,5,1641,11,,Q4,1,48,2016,bw24,na
11/29/2016,Channel B,1278,128,0.100280636,93.79,12020,20,2404,11,,Q4,1,48,2016,bw24,na
11/29/2016,Channel A,2280,454,0.198934429,76.74,34807,3,1044,11,,Q4,1,48,2016,bw24,na
11/30/2016,Channel D,7376,957,0.129694523,81.11,77592,17,13191,11,,Q4,2,48,2016,bw24,na
11/30/2016,Channel C,10406,1481,0.142304831,82.76,122553,11,13481,11,,Q4,2,48,2016,bw24,na
11/30/2016,Channel B,2418,278,0.115132339,102.36,28496,22,6269,11,,Q4,2,48,2016,bw24,na
11/30/2016,Channel A,4789,1009,0.210595484,79.96,80643,10,8064,11,,Q4,2,48,2016,bw24,na
12/1/2016,Channel A,4162,840,0.201820091,80.7,67786,3,2034,12,,Q4,3,48,2016,bw24,na
12/1/2016,Channel D,6731,816,0.121302256,83.71,68348,19,12986,12,,Q4,3,48,2016,bw24,na
12/1/2016,Channel C,8897,1005,0.112978497,76.02,76413,5,3821,12,,Q4,3,48,2016,bw24,na
12/1/2016,Channel B,2437,289,0.118572944,95.4,27567,26,7167,12,,Q4,3,48,2016,bw24,na
12/2/2016,Channel A,4471,910,0.203557781,81.43,74110,4,2964,12,,Q4,4,48,2016,bw24,na
12/2/2016,Channel D,6840,802,0.117268009,83.76,67185,18,12093,12,,Q4,4,48,2016,bw24,na
12/2/2016,Channel C,9963,897,0.090000815,69.84,62624,10,6262,12,,Q4,4,48,2016,bw24,na
12/2/2016,Channel B,2270,263,0.115668526,98.07,25750,18,4635,12,,Q4,4,48,2016,bw24,na
12/3/2016,Channel D,7174,829,0.115617602,85.46,70884,19,13468,12,,Q4,5,48,2016,bw24,na
12/3/2016,Channel C,10742,882,0.082124788,80.66,71157,10,7116,12,,Q4,5,48,2016,bw24,na
12/3/2016,Channel B,2305,285,0.123689724,94.93,27065,19,5142,12,,Q4,5,48,2016,bw24,na
12/3/2016,Channel A,4719,904,0.191623233,83.84,75814,9,6823,12,,Q4,5,48,2016,bw24,na
12/4/2016,Channel A,4075,788,0.193284975,80.72,63578,6,3815,12,,Q4,6,48,2016,bw24,na
12/4/2016,Channel C,11006,913,0.082910623,78.55,71678,5,3584,12,,Q4,6,48,2016,bw24,na
12/4/2016,Channel D,6399,738,0.115369027,84.74,62559,18,11261,12,,Q4,6,48,2016,bw24,na
12/4/2016,Channel B,2021,241,0.119470477,93.39,22549,23,5186,12,,Q4,6,48,2016,bw24,na
12/5/2016,Channel D,3853,351,0.091064099,85.06,29845,14,4178,12,,Q4,0,49,2016,bw25,na
12/5/2016,Channel B,1268,122,0.096534762,96.09,11762,19,2235,12,,Q4,0,49,2016,bw25,na
12/5/2016,Channel A,2452,451,0.183824545,82.68,37267,10,3727,12,,Q4,0,49,2016,bw25,na
12/5/2016,Channel C,9472,727,0.076768096,75.44,54856,11,6034,12,,Q4,0,49,2016,bw25,na
12/6/2016,Channel D,3946,439,0.111305338,85.41,37513,14,5252,12,,Q4,1,49,2016,bw25,na
12/6/2016,Channel C,9911,1097,0.110659448,78.36,85941,10,8594,12,,Q4,1,49,2016,bw25,na
12/6/2016,Channel B,1254,135,0.107942728,88.15,11932,30,3580,12,,Q4,1,49,2016,bw25,na
12/6/2016,Channel A,2863,587,0.205200449,78.73,46253,3,1388,12,,Q4,1,49,2016,bw25,na
12/7/2016,Channel A,4310,978,0.226858351,79,77243,3,2317,12,,Q4,2,49,2016,bw25,na
12/7/2016,Channel B,2546,288,0.113301509,93.72,27035,27,7299,12,,Q4,2,49,2016,bw25,na
12/7/2016,Channel C,11473,1108,0.096561024,78.78,87276,5,4364,12,,Q4,2,49,2016,bw25,na
12/7/2016,Channel D,7547,971,0.12867283,82.37,79989,19,15198,12,,Q4,2,49,2016,bw25,na
12/8/2016,Channel D,7522,932,0.123932028,82.69,77085,10,7708,12,,Q4,3,49,2016,bw25,na
12/8/2016,Channel C,13887,1135,0.081709764,78.58,89165,5,4458,12,,Q4,3,49,2016,bw25,na
12/8/2016,Channel B,2495,316,0.126588957,92.68,29272,35,10245,12,,Q4,3,49,2016,bw25,na
12/8/2016,Channel A,4528,970,0.214130561,82.29,79787,7,5585,12,,Q4,3,49,2016,bw25,na
12/9/2016,Channel A,4653,952,0.2046599,81.27,77392,8,6191,12,,Q4,4,49,2016,bw25,na
12/9/2016,Channel B,3140,355,0.112973639,109.98,39014,18,7023,12,,Q4,4,49,2016,bw25,na
12/9/2016,Channel C,13687,1176,0.085919593,82.02,96454,11,10610,12,,Q4,4,49,2016,bw25,na
12/9/2016,Channel D,7444,929,0.124777585,84.8,78766,15,11815,12,,Q4,4,49,2016,bw25,na
12/10/2016,Channel D,7316,957,0.130764432,84.45,80791,16,12927,12,,Q4,5,49,2016,bw25,na
12/10/2016,Channel C,12526,1423,0.113626853,83.77,119229,9,10731,12,,Q4,5,49,2016,bw25,na
12/10/2016,Channel B,2516,321,0.127639227,93.66,30078,34,10227,12,,Q4,5,49,2016,bw25,na
12/10/2016,Channel A,4463,928,0.207890426,82.15,76220,5,3811,12,,Q4,5,49,2016,bw25,na
12/11/2016,Channel D,6653,812,0.122072145,86.86,70543,15,10581,12,,Q4,6,49,2016,bw25,na
12/11/2016,Channel C,12049,1217,0.100983517,81.61,99299,7,6951,12,,Q4,6,49,2016,bw25,na
12/11/2016,Channel B,2056,255,0.123970755,92.14,23485,25,5871,12,,Q4,6,49,2016,bw25,na
12/11/2016,Channel A,4110,854,0.207767145,84.12,71832,4,2873,12,,Q4,6,49,2016,bw25,na
12/12/2016,Channel A,2811,554,0.197061224,82.76,45844,7,3209,12,,Q4,0,50,2016,bw25,na
12/12/2016,Channel B,5138,308,0.05997269,80.47,24796,22,5455,12,,Q4,0,50,2016,bw25,na
12/12/2016,Channel C,10958,992,0.090541007,80.62,79987,5,3999,12,,Q4,0,50,2016,bw25,na
12/12/2016,Channel D,4307,439,0.101855829,85.39,37460,13,4870,12,,Q4,0,50,2016,bw25,na
12/13/2016,Channel D,4587,560,0.12200682,86.83,48594,12,5831,12,,Q4,1,50,2016,bw25,na
12/13/2016,Channel B,2466,227,0.092067289,86.73,19691,21,4135,12,,Q4,1,50,2016,bw25,na
12/13/2016,Channel C,10344,1058,0.10227812,82.55,87335,5,4367,12,,Q4,1,50,2016,bw25,na
12/13/2016,Channel A,3161,654,0.206980833,84.38,55207,3,1656,12,,Q4,1,50,2016,bw25,na
12/14/2016,Channel D,8409,1135,0.134933154,86.14,97739,20,19548,12,,Q4,2,50,2016,bw25,na
12/14/2016,Channel C,13785,1671,0.12120636,79.67,133115,5,6656,12,,Q4,2,50,2016,bw25,na
12/14/2016,Channel B,4860,443,0.091164563,88.83,39357,21,8265,12,,Q4,2,50,2016,bw25,na
12/14/2016,Channel A,5570,1226,0.220166945,82.15,100743,8,8059,12,,Q4,2,50,2016,bw25,na
12/15/2016,Channel C,11929,1526,0.127919244,81.43,124258,6,7455,12,,Q4,3,50,2016,bw25,na
12/15/2016,Channel B,3598,452,0.125667511,92.02,41607,17,7073,12,,Q4,3,50,2016,bw25,na
12/15/2016,Channel A,5232,1121,0.214211088,81.87,91756,9,8258,12,,Q4,3,50,2016,bw25,na
12/15/2016,Channel D,8332,1124,0.134858453,85.15,95678,18,17222,12,,Q4,3,50,2016,bw25,na
12/16/2016,Channel D,8737,1224,0.140037593,86.99,106433,14,14901,12,,Q4,4,50,2016,bw25,na
12/16/2016,Channel C,17748,1665,0.093823216,79.97,133164,8,10653,12,,Q4,4,50,2016,bw25,na
12/16/2016,Channel B,5345,523,0.097797722,87.95,45974,34,15631,12,,Q4,4,50,2016,bw25,na
12/16/2016,Channel A,5309,1210,0.227943349,82.65,100019,6,6001,12,,Q4,4,50,2016,bw25,na
12/17/2016,Channel A,5480,1215,0.221781175,84.11,102224,5,5111,12,,Q4,5,50,2016,bw25,na
12/17/2016,Channel D,9123,1248,0.136847026,85.46,106693,11,11736,12,,Q4,5,50,2016,bw25,na
12/17/2016,Channel C,37940,2300,0.060625895,81.93,188451,8,15076,12,,Q4,5,50,2016,bw25,na
12/17/2016,Channel B,8568,670,0.078205904,85.06,56996,21,11969,12,,Q4,5,50,2016,bw25,na
12/18/2016,Channel C,19914,2291,0.115064994,80.04,183404,6,11004,12,,Q4,6,50,2016,bw25,na
12/18/2016,Channel D,8460,1160,0.137130124,86.06,99840,16,15974,12,,Q4,6,50,2016,bw25,na
12/18/2016,Channel B,3599,478,0.132706709,90.85,43391,27,11716,12,,Q4,6,50,2016,bw25,na
12/18/2016,Channel A,5546,1166,0.210323962,82.55,96291,4,3852,12,,Q4,6,50,2016,bw25,na
12/19/2016,Channel D,5670,692,0.122074951,89.47,61928,17,10528,12,,Q4,0,51,2016,bw26,na
12/19/2016,Channel C,20160,1838,0.091163514,81.36,149528,7,10467,12,,Q4,0,51,2016,bw26,na
12/19/2016,Channel B,2044,269,0.131507804,90.23,24254,18,4366,12,,Q4,0,51,2016,bw26,na
12/19/2016,Channel A,4087,880,0.215387179,81.42,71673,7,5017,12,,Q4,0,51,2016,bw26,na
12/20/2016,Channel B,1835,303,0.165054816,85.2,25805,17,4387,12,,Q4,1,51,2016,bw26,na
12/20/2016,Channel A,4511,994,0.22026271,80.22,79707,9,7174,12,,Q4,1,51,2016,bw26,na
12/20/2016,Channel D,5409,721,0.133285722,85.52,61655,14,8632,12,,Q4,1,51,2016,bw26,na
12/20/2016,Channel C,19814,2368,0.119502543,80.4,190373,10,19037,12,,Q4,1,51,2016,bw26,na
12/21/2016,Channel D,10195,1612,0.158099235,82.56,133072,17,22622,12,,Q4,2,51,2016,bw26,na
12/21/2016,Channel C,21848,3052,0.139682318,80.65,246126,5,12306,12,,Q4,2,51,2016,bw26,na
12/21/2016,Channel B,3269,498,0.152407772,87.69,43689,17,7427,12,,Q4,2,51,2016,bw26,na
12/21/2016,Channel A,7490,1853,0.247368015,80.21,148612,4,5944,12,,Q4,2,51,2016,bw26,na
12/22/2016,Channel D,9991,1500,0.15013283,87.37,131053,13,17037,12,,Q4,3,51,2016,bw26,na
12/22/2016,Channel C,19620,3000,0.152886721,82.75,248220,8,19858,12,,Q4,3,51,2016,bw26,na
12/22/2016,Channel B,3478,530,0.152358322,86.95,46075,15,6911,12,,Q4,3,51,2016,bw26,na
12/22/2016,Channel A,7716,1799,0.233144332,81.26,146182,5,7309,12,,Q4,3,51,2016,bw26,na
12/23/2016,Channel D,9864,1399,0.141795959,84.55,118258,11,13008,12,,Q4,4,51,2016,bw26,na
12/23/2016,Channel C,17558,2698,0.153659336,83.44,225117,7,15758,12,,Q4,4,51,2016,bw26,na
12/23/2016,Channel B,3990,512,0.128235231,86.46,44238,33,14599,12,,Q4,4,51,2016,bw26,na
12/23/2016,Channel A,9707,1600,0.16480427,81.65,130620,5,6531,12,,Q4,4,51,2016,bw26,na
12/24/2016,Channel A,6311,1259,0.199571364,83.94,105722,10,10572,12,,Q4,5,51,2016,bw26,na
12/24/2016,Channel B,2964,392,0.132311286,85.32,33460,17,5688,12,,Q4,5,51,2016,bw26,na
12/24/2016,Channel C,15653,2028,0.129557434,87.51,177467,11,19521,12,,Q4,5,51,2016,bw26,na
12/24/2016,Channel D,9627,1170,0.121559305,87.5,102397,18,18431,12,,Q4,5,51,2016,bw26,na
12/25/2016,Channel D,7976,859,0.107724205,87.15,74880,12,8986,12,,Q4,6,51,2016,bw26,na
12/25/2016,Channel C,11346,1495,0.131777482,86.55,129405,9,11646,12,,Q4,6,51,2016,bw26,na
12/25/2016,Channel B,1753,238,0.135534054,83.61,19865,31,6158,12,,Q4,6,51,2016,bw26,na
12/25/2016,Channel A,4686,952,0.203221973,83.98,79974,6,4798,12,,Q4,6,51,2016,bw26,na
12/26/2016,Channel D,4022,342,0.084970112,83.21,28437,13,3697,12,,Q4,0,52,2016,bw26,na
12/26/2016,Channel C,3661,267,0.073025251,82.01,21925,10,2192,12,,Q4,0,52,2016,bw26,na
12/26/2016,Channel B,875,79,0.089968499,87.98,6926,22,1524,12,,Q4,0,52,2016,bw26,na
12/26/2016,Channel A,2007,354,0.176272136,78.08,27623,5,1381,12,,Q4,0,52,2016,bw26,na
12/27/2016,Channel D,1835,129,0.070365222,78.88,10185,19,1935,12,,Q4,1,52,2016,bw26,na
12/27/2016,Channel C,1042,52,0.049747659,75.12,3894,12,467,12,,Q4,1,52,2016,bw26,na
12/27/2016,Channel B,586,46,0.077825472,90.8,4141,23,952,12,,Q4,1,52,2016,bw26,na
12/27/2016,Channel A,989,135,0.136382688,74.88,10100,7,707,12,,Q4,1,52,2016,bw26,na
12/28/2016,Channel A,2038,362,0.177811839,78.47,28436,5,1422,12,,Q4,2,52,2016,bw26,na
12/28/2016,Channel B,1428,155,0.108241176,99.05,15310,35,5358,12,,Q4,2,52,2016,bw26,na
12/28/2016,Channel D,3158,316,0.100011264,85.63,27045,14,3786,12,,Q4,2,52,2016,bw26,na
12/28/2016,Channel C,1244,123,0.098769417,78.49,9644,10,964,12,,Q4,2,52,2016,bw26,na
12/29/2016,Channel D,4762,553,0.116214158,83.24,46066,19,8753,12,,Q4,3,52,2016,bw26,na
12/29/2016,Channel C,4382,405,0.092340514,71.18,28802,8,2304,12,,Q4,3,52,2016,bw26,na
12/29/2016,Channel B,2287,264,0.115641393,101.3,26791,15,4019,12,,Q4,3,52,2016,bw26,na
12/29/2016,Channel A,2873,653,0.227379633,80.02,52274,10,5227,12,,Q4,3,52,2016,bw26,na
12/30/2016,Channel D,5012,541,0.107932236,83.65,45251,12,5430,12,,Q4,4,52,2016,bw26,na
12/30/2016,Channel C,3842,387,0.100828246,75.29,29166,7,2042,12,,Q4,4,52,2016,bw26,na
12/30/2016,Channel B,2307,279,0.120887255,94.87,26458,27,7144,12,,Q4,4,52,2016,bw26,na
12/30/2016,Channel A,3012,637,0.211328038,77.3,49203,4,1968,12,,Q4,4,52,2016,bw26,na
12/31/2016,Channel A,3035,631,0.207814392,77.58,48931,4,1957,12,,Q4,5,52,2016,bw26,na
12/31/2016,Channel B,2222,242,0.10909147,96.2,23319,35,8162,12,,Q4,5,52,2016,bw26,na
12/31/2016,Channel D,4848,522,0.107729781,83.73,43730,15,6560,12,,Q4,5,52,2016,bw26,na
12/31/2016,Channel C,3618,331,0.091542545,77.69,25731,9,2316,12,,Q4,5,52,2016,bw26,na
1/1/2017,Channel D,4199,432,0.102995225,81.35,35182,11,3870,1,,Q1,6,52,2017,bw26,na
1/1/2017,Channel C,3258,341,0.104748747,80.54,27486,6,1649,1,,Q1,6,52,2017,bw26,na
1/1/2017,Channel B,1640,155,0.094251365,91.64,14165,17,2408,1,,Q1,6,52,2017,bw26,na
1/1/2017,Channel A,2416,487,0.201446352,76.96,37456,4,1498,1,,Q1,6,52,2017,bw26,na
1/2/2017,Channel D,2563,194,0.075663646,81,15708,19,2985,1,,Q1,0,1,2017,bw1,na
1/2/2017,Channel C,2409,199,0.082686177,79.11,15758,5,788,1,,Q1,0,1,2017,bw1,na
1/2/2017,Channel B,1161,95,0.081853999,90.79,8628,34,2934,1,,Q1,0,1,2017,bw1,na
1/2/2017,Channel A,1377,259,0.187892699,74.7,19327,8,1546,1,,Q1,0,1,2017,bw1,na
1/16/2017,Channel D,5973,763,0.127741503,60.74,46345,17,7879,1,,Q1,0,3,2017,bw2,na
1/16/2017,Channel C,5505,565,0.102633969,59.08,33380,12,4006,1,,Q1,0,3,2017,bw2,na
1/16/2017,Channel B,1735,213,0.122766571,81,17253,24,4141,1,,Q1,0,3,2017,bw2,na
1/16/2017,Channel A,3593,759,0.211244086,61.36,46572,8,3726,1,,Q1,0,3,2017,bw2,na
1/17/2017,Channel A,4106,955,0.232586459,60.46,57739,4,2310,1,,Q1,1,3,2017,bw2,na
1/17/2017,Channel B,2310,255,0.11038961,78.97,20137,29,5840,1,,Q1,1,3,2017,bw2,na
1/17/2017,Channel D,7294,924,0.126679463,64.48,59580,14,8341,1,,Q1,1,3,2017,bw2,na
1/17/2017,Channel C,6803,702,0.103189769,62.09,43587,10,4359,1,,Q1,1,3,2017,bw2,na
1/18/2017,Channel D,7500,929,0.123866667,65.58,60924,14,8529,1,,Q1,2,3,2017,bw2,na
1/18/2017,Channel C,8255,1015,0.122955784,58.18,59053,6,3543,1,,Q1,2,3,2017,bw2,na
1/18/2017,Channel B,2652,319,0.120286576,74.77,23852,31,7394,1,,Q1,2,3,2017,bw2,na
1/18/2017,Channel A,4138,918,0.221846303,62.06,56971,6,3418,1,,Q1,2,3,2017,bw2,na
1/19/2017,Channel D,7581,876,0.115552038,65.86,57693,13,7500,1,,Q1,3,3,2017,bw2,na
1/19/2017,Channel C,5559,596,0.107213528,61.61,36720,8,2938,1,,Q1,3,3,2017,bw2,na
1/19/2017,Channel B,2306,286,0.124024284,77.61,22196,29,6437,1,,Q1,3,3,2017,bw2,na
1/19/2017,Channel A,4187,929,0.221877239,60.62,56316,4,2253,1,,Q1,3,3,2017,bw2,na
1/20/2017,Channel B,1805,220,0.121883657,77.14,16971,32,5431,1,,Q1,4,3,2017,bw2,na
1/20/2017,Channel A,3457,767,0.221868672,63.63,48804,5,2440,1,,Q1,4,3,2017,bw2,na
1/20/2017,Channel C,5013,523,0.104328745,58.83,30768,5,1538,1,,Q1,4,3,2017,bw2,na
1/20/2017,Channel D,6593,778,0.118003944,68.11,52990,18,9538,1,,Q1,4,3,2017,bw2,na
1/21/2017,Channel D,4092,391,0.095552297,59.73,23354,12,2803,1,,Q1,5,3,2017,bw2,na
1/21/2017,Channel C,3410,364,0.106744868,63.93,23271,6,1396,1,,Q1,5,3,2017,bw2,na
1/21/2017,Channel B,1337,120,0.089753179,77.08,9250,34,3145,1,,Q1,5,3,2017,bw2,na
1/21/2017,Channel A,2268,456,0.201058201,55.88,25481,8,2039,1,,Q1,5,3,2017,bw2,na
1/22/2017,Channel A,2433,490,0.201397452,59.73,29268,8,2341,1,,Q1,6,3,2017,bw2,na
1/22/2017,Channel D,4381,452,0.103172792,61.34,27726,12,3327,1,,Q1,6,3,2017,bw2,na
1/22/2017,Channel C,4098,404,0.098584675,64.25,25957,7,1817,1,,Q1,6,3,2017,bw2,na
1/22/2017,Channel B,1289,146,0.113266098,74.38,10859,19,2063,1,,Q1,6,3,2017,bw2,na
1/23/2017,Channel A,4491,970,0.215987531,61.8,59946,9,5395,1,,Q1,0,4,2017,bw2,na
1/23/2017,Channel B,2139,264,0.12342216,75.01,19803,32,6337,1,,Q1,0,4,2017,bw2,na
1/23/2017,Channel C,9556,1108,0.115948095,60.66,67211,8,5377,1,,Q1,0,4,2017,bw2,na
1/23/2017,Channel D,8427,1039,0.123294173,64.72,67244,15,10087,1,,Q1,0,4,2017,bw2,na
1/24/2017,Channel A,4480,967,0.215848214,62.28,60225,3,1807,1,,Q1,1,4,2017,bw2,na
1/24/2017,Channel D,8666,1053,0.121509347,66.93,70477,20,14095,1,,Q1,1,4,2017,bw2,na
1/24/2017,Channel C,9225,1263,0.136910569,62.69,79177,11,8710,1,,Q1,1,4,2017,bw2,na
1/24/2017,Channel B,2288,290,0.126748252,74.44,21588,27,5829,1,,Q1,1,4,2017,bw2,na
1/25/2017,Channel B,2908,344,0.11829436,76.93,26464,22,5822,1,,Q1,2,4,2017,bw2,na
1/25/2017,Channel A,4589,924,0.201351057,64.87,59940,5,2997,1,,Q1,2,4,2017,bw2,na
1/25/2017,Channel D,8941,1023,0.114416732,67.02,68561,20,13712,1,,Q1,2,4,2017,bw2,na
1/25/2017,Channel C,9143,914,0.099967188,61.89,56567,6,3394,1,,Q1,2,4,2017,bw2,na
1/26/2017,Channel B,4595,357,0.077693145,71.24,25433,33,8393,1,,Q1,3,4,2017,bw2,na
1/26/2017,Channel A,4685,941,0.200853789,58.39,54945,5,2747,1,,Q1,3,4,2017,bw2,na
1/26/2017,Channel D,9166,947,0.103316605,62.77,59443,15,8916,1,,Q1,3,4,2017,bw2,na
1/26/2017,Channel C,7066,679,0.096093971,59.59,40462,5,2023,1,,Q1,3,4,2017,bw2,na
1/27/2017,Channel B,3129,332,0.106104187,72.38,24030,31,7449,1,,Q1,4,4,2017,bw2,na
1/27/2017,Channel A,5060,902,0.17826087,58.66,52911,5,2646,1,,Q1,4,4,2017,bw2,na
1/27/2017,Channel D,8775,985,0.112250712,59.06,58174,19,11053,1,,Q1,4,4,2017,bw2,na
1/27/2017,Channel C,9914,979,0.098749243,62.16,60855,11,6694,1,,Q1,4,4,2017,bw2,na
1/28/2017,Channel D,5074,399,0.078636184,64.26,25640,11,2820,1,,Q1,5,4,2017,bw2,na
1/28/2017,Channel C,5085,472,0.092822026,61.46,29009,9,2611,1,,Q1,5,4,2017,bw2,na
1/28/2017,Channel B,1729,137,0.079236553,73.29,10041,18,1807,1,,Q1,5,4,2017,bw2,na
1/28/2017,Channel A,2365,410,0.173361522,61.41,25178,3,755,1,,Q1,5,4,2017,bw2,na
1/29/2017,Channel D,5236,464,0.088617265,64.97,30146,19,5728,1,,Q1,6,4,2017,bw2,na
1/29/2017,Channel C,8375,752,0.089791045,61.31,46105,5,2305,1,,Q1,6,4,2017,bw2,na
1/29/2017,Channel B,1633,138,0.084507042,69.88,9643,20,1929,1,,Q1,6,4,2017,bw2,na
1/29/2017,Channel A,2670,573,0.214606742,52.99,30363,9,2733,1,,Q1,6,4,2017,bw2,na
1/30/2017,Channel D,10554,1139,0.107921167,65.01,74046,13,9626,1,,Q1,0,5,2017,bw3,na
1/30/2017,Channel C,13082,1234,0.094328084,62.38,76977,7,5388,1,,Q1,0,5,2017,bw3,na
1/30/2017,Channel B,2577,378,0.146682189,66.88,25281,16,4045,1,,Q1,0,5,2017,bw3,na
1/30/2017,Channel A,5003,1101,0.220067959,61.82,68064,5,3403,1,,Q1,0,5,2017,bw3,na
2/15/2017,Channel D,17190,996,0.057940663,73.07,72778,18,13100,2,,Q1,2,7,2017,bw4,na
2/15/2017,Channel C,5623,316,0.056197759,67.01,21175,12,2541,2,,Q1,2,7,2017,bw4,na
2/15/2017,Channel B,3018,270,0.089463221,84.49,22812,23,5247,2,,Q1,2,7,2017,bw4,na
2/15/2017,Channel A,5717,749,0.131012769,65.56,49104,3,1473,2,,Q1,2,7,2017,bw4,na
2/16/2017,Channel B,2567,250,0.097389949,83.99,20998,22,4619,2,,Q1,3,7,2017,bw4,na
2/16/2017,Channel D,11325,1091,0.096335541,68.15,74352,13,9666,2,,Q1,3,7,2017,bw4,na
2/16/2017,Channel C,4383,399,0.091033539,64.03,25548,7,1788,2,,Q1,3,7,2017,bw4,na
2/16/2017,Channel A,4199,683,0.162657776,66.24,45242,3,1357,2,,Q1,3,7,2017,bw4,na
2/17/2017,Channel D,7796,824,0.105695228,66.5,54796,15,8219,2,,Q1,4,7,2017,bw4,na
2/17/2017,Channel C,2162,276,0.127659574,62.56,17267,10,1727,2,,Q1,4,7,2017,bw4,na
2/17/2017,Channel B,2176,218,0.100183824,82.91,18074,15,2711,2,,Q1,4,7,2017,bw4,na
2/17/2017,Channel A,3338,645,0.193229479,63.73,41106,6,2466,2,,Q1,4,7,2017,bw4,na
2/18/2017,Channel C,2559,211,0.082454084,63.5,13398,9,1206,2,,Q1,5,7,2017,bw4,na
2/18/2017,Channel A,1878,315,0.167731629,61.28,19303,10,1930,2,,Q1,5,7,2017,bw4,na
2/18/2017,Channel B,1340,97,0.07238806,83.89,8137,23,1872,2,,Q1,5,7,2017,bw4,na
2/18/2017,Channel D,4474,346,0.077335717,64.97,22480,15,3372,2,,Q1,5,7,2017,bw4,na
2/19/2017,Channel C,1241,136,0.109589041,60.86,8277,5,414,2,,Q1,6,7,2017,bw4,na
2/19/2017,Channel B,1235,97,0.07854251,82.75,8027,34,2729,2,,Q1,6,7,2017,bw4,na
2/19/2017,Channel A,1809,325,0.179657269,61.12,19864,4,795,2,,Q1,6,7,2017,bw4,na
2/19/2017,Channel D,3928,350,0.08910387,64.13,22446,14,3142,2,,Q1,6,7,2017,bw4,na
2/20/2017,Channel A,3102,693,0.223404255,61.46,42592,10,4259,2,,Q1,0,8,2017,bw4,na
2/20/2017,Channel B,1934,196,0.101344364,75.76,14849,24,3564,2,,Q1,0,8,2017,bw4,na
2/20/2017,Channel C,4681,439,0.09378338,54.86,24084,9,2168,2,,Q1,0,8,2017,bw4,na
2/20/2017,Channel D,6592,734,0.111347087,64.7,47490,11,5224,2,,Q1,0,8,2017,bw4,na
2/21/2017,Channel D,7588,917,0.120848708,64.35,59009,19,11212,2,,Q1,1,8,2017,bw4,na
2/21/2017,Channel C,2232,337,0.150985663,54.71,18437,10,1844,2,,Q1,1,8,2017,bw4,na
2/21/2017,Channel B,2476,244,0.098546042,81.06,19779,34,6725,2,,Q1,1,8,2017,bw4,na
2/21/2017,Channel A,3577,803,0.224489796,61.32,49240,9,4432,2,,Q1,1,8,2017,bw4,na
2/22/2017,Channel D,7426,891,0.119983841,62.9,56044,13,7286,2,,Q1,2,8,2017,bw4,na
2/22/2017,Channel C,4834,508,0.105088953,55.99,28443,11,3129,2,,Q1,2,8,2017,bw4,na
2/22/2017,Channel B,2367,249,0.105196451,84.56,21055,27,5685,2,,Q1,2,8,2017,bw4,na
2/22/2017,Channel A,3524,819,0.232406356,60.07,49197,9,4428,2,,Q1,2,8,2017,bw4,na
2/23/2017,Channel D,7328,893,0.121861354,66.5,59384,20,11877,2,,Q1,3,8,2017,bw4,na
2/23/2017,Channel C,5504,679,0.123364826,62.51,42444,6,2547,2,,Q1,3,8,2017,bw4,na
2/23/2017,Channel B,2182,239,0.109532539,79.44,18986,28,5316,2,,Q1,3,8,2017,bw4,na
2/23/2017,Channel A,3568,785,0.220011211,62.64,49172,3,1475,2,,Q1,3,8,2017,bw4,na
2/24/2017,Channel B,2095,226,0.107875895,81.81,18489,29,5362,2,,Q1,4,8,2017,bw4,na
2/24/2017,Channel C,2085,340,0.163069544,61.72,20985,5,1049,2,,Q1,4,8,2017,bw4,na
2/24/2017,Channel A,3039,668,0.219809148,64.38,43006,5,2150,2,,Q1,4,8,2017,bw4,na
2/24/2017,Channel D,6612,785,0.118723533,65.19,51174,19,9723,2,,Q1,4,8,2017,bw4,na
2/25/2017,Channel D,3919,368,0.093901505,64.05,23570,13,3064,2,,Q1,5,8,2017,bw4,na
2/25/2017,Channel C,3463,330,0.095293098,62.55,20642,7,1445,2,,Q1,5,8,2017,bw4,na
2/25/2017,Channel B,1267,103,0.081294396,81.83,8428,21,1770,2,,Q1,5,8,2017,bw4,na
2/25/2017,Channel A,1702,309,0.181551116,62.11,19192,5,960,2,,Q1,5,8,2017,bw4,na
2/26/2017,Channel A,2004,429,0.214071856,59.13,25367,8,2029,2,,Q1,6,8,2017,bw4,na
2/26/2017,Channel C,1473,238,0.161575017,60.28,14347,10,1435,2,,Q1,6,8,2017,bw4,na
2/26/2017,Channel B,1159,97,0.083692839,78.32,7597,19,1443,2,,Q1,6,8,2017,bw4,na
2/26/2017,Channel D,3881,437,0.112599845,61.44,26849,16,4296,2,,Q1,6,8,2017,bw4,na
2/27/2017,Channel D,7640,928,0.121465969,64.59,59940,20,11988,2,,Q1,0,9,2017,bw5,na
2/27/2017,Channel C,5096,541,0.106161695,56.53,30583,10,3058,2,,Q1,0,9,2017,bw5,na
2/27/2017,Channel B,2030,209,0.102955665,81.5,17034,28,4769,2,,Q1,0,9,2017,bw5,na
2/27/2017,Channel A,3639,782,0.214894202,61.74,48281,4,1931,2,,Q1,0,9,2017,bw5,na
2/28/2017,Channel C,2545,381,0.149705305,59.02,22487,5,1124,2,,Q1,1,9,2017,bw5,na
2/28/2017,Channel A,3956,829,0.209555106,61.09,50644,3,1519,2,,Q1,1,9,2017,bw5,na
2/28/2017,Channel D,7548,977,0.129438262,64.44,62958,11,6925,2,,Q1,1,9,2017,bw5,na
2/28/2017,Channel B,1972,216,0.109533469,79.94,17267,20,3453,2,,Q1,1,9,2017,bw5,na
3/1/2017,Channel A,3844,907,0.235952133,61.31,55608,5,2780,3,,Q1,2,9,2017,bw5,na
3/1/2017,Channel C,5009,623,0.124376123,55.3,34452,8,2756,3,,Q1,2,9,2017,bw5,na
3/1/2017,Channel B,2343,238,0.101579172,80.93,19261,24,4623,3,,Q1,2,9,2017,bw5,na
3/1/2017,Channel D,7681,999,0.13006119,64.95,64885,14,9084,3,,Q1,2,9,2017,bw5,na
3/2/2017,Channel D,7544,999,0.132423118,65.68,65614,11,7218,3,,Q1,3,9,2017,bw5,na
3/2/2017,Channel C,4842,647,0.13362247,60.54,39169,10,3917,3,,Q1,3,9,2017,bw5,na
3/2/2017,Channel B,2094,230,0.109837631,81.8,18814,30,5644,3,,Q1,3,9,2017,bw5,na
3/2/2017,Channel A,3553,804,0.226287644,63.02,50668,3,1520,3,,Q1,3,9,2017,bw5,na
3/3/2017,Channel B,1901,204,0.107311941,80.87,16497,30,4949,3,,Q1,4,9,2017,bw5,na
3/3/2017,Channel C,2008,317,0.157868526,61.65,19543,7,1368,3,,Q1,4,9,2017,bw5,na
3/3/2017,Channel A,3043,708,0.232665133,63.53,44979,5,2249,3,,Q1,4,9,2017,bw5,na
3/3/2017,Channel D,6763,868,0.128345409,65.79,57106,20,11421,3,,Q1,4,9,2017,bw5,na
3/4/2017,Channel D,3917,374,0.095481236,63.77,23850,16,3816,3,,Q1,5,9,2017,bw5,na
3/4/2017,Channel C,3423,308,0.08997955,63.22,19472,5,974,3,,Q1,5,9,2017,bw5,na
3/4/2017,Channel B,1223,108,0.088307441,82.89,8952,17,1522,3,,Q1,5,9,2017,bw5,na
3/4/2017,Channel A,1860,363,0.19516129,60.82,22078,10,2208,3,,Q1,5,9,2017,bw5,na
3/5/2017,Channel A,2001,426,0.212893553,60.52,25782,4,1031,3,,Q1,6,9,2017,bw5,na
3/5/2017,Channel D,3847,425,0.110475695,61.35,26074,18,4693,3,,Q1,6,9,2017,bw5,na
3/5/2017,Channel C,1518,232,0.152832675,59.5,13804,8,1104,3,,Q1,6,9,2017,bw5,na
3/5/2017,Channel B,1185,103,0.086919831,82.38,8485,20,1697,3,,Q1,6,9,2017,bw5,na
3/6/2017,Channel A,3834,977,0.254825248,61.11,59704,3,1791,3,,Q1,0,10,2017,bw5,na
3/6/2017,Channel B,1962,214,0.109072375,79,16906,30,5072,3,,Q1,0,10,2017,bw5,na
3/6/2017,Channel D,7717,1097,0.142153687,63.42,69572,15,10436,3,,Q1,0,10,2017,bw5,na
3/6/2017,Channel C,4440,568,0.127927928,57.59,32711,7,2290,3,,Q1,0,10,2017,bw5,na
3/7/2017,Channel D,7964,1129,0.141762933,63.85,72087,20,14417,3,,Q1,1,10,2017,bw5,na
3/7/2017,Channel C,2345,380,0.162046908,58.97,22409,10,2241,3,,Q1,1,10,2017,bw5,na
3/7/2017,Channel B,2114,253,0.119678335,79.72,20169,29,5849,3,,Q1,1,10,2017,bw5,na
3/7/2017,Channel A,3815,926,0.242726081,61.2,56671,7,3967,3,,Q1,1,10,2017,bw5,na
3/8/2017,Channel D,8469,1249,0.147479041,64.75,80873,19,15366,3,,Q1,2,10,2017,bw5,na
3/8/2017,Channel C,4100,504,0.122926829,61.09,30789,5,1539,3,,Q1,2,10,2017,bw5,na
3/8/2017,Channel B,2242,260,0.115967886,82,21320,18,3838,3,,Q1,2,10,2017,bw5,na
3/8/2017,Channel A,4032,962,0.23859127,63.83,61404,7,4298,3,,Q1,2,10,2017,bw5,na
3/9/2017,Channel B,2047,252,0.123106986,81,20412,16,3266,3,,Q1,3,10,2017,bw5,na
3/9/2017,Channel D,7383,1030,0.139509684,66.03,68011,11,7481,3,,Q1,3,10,2017,bw5,na
3/9/2017,Channel C,3921,539,0.137464932,60.82,32782,9,2950,3,,Q1,3,10,2017,bw5,na
3/9/2017,Channel A,3755,829,0.220772304,62.64,51929,6,3116,3,,Q1,3,10,2017,bw5,na
3/10/2017,Channel C,2021,324,0.160316675,61.31,19864,7,1391,3,,Q1,4,10,2017,bw5,na
3/10/2017,Channel A,3156,717,0.227186312,63.5,45530,7,3187,3,,Q1,4,10,2017,bw5,na
3/10/2017,Channel B,1802,203,0.112652608,81.7,16585,15,2488,3,,Q1,4,10,2017,bw5,na
3/10/2017,Channel D,6601,897,0.135888502,65.09,58386,13,7590,3,,Q1,4,10,2017,bw5,na
3/11/2017,Channel C,3072,277,0.090169271,61.83,17127,9,1541,3,,Q1,5,10,2017,bw5,na
3/11/2017,Channel B,1080,103,0.09537037,85.68,8825,34,3001,3,,Q1,5,10,2017,bw5,na
3/11/2017,Channel A,1816,355,0.195484581,61.37,21786,9,1961,3,,Q1,5,10,2017,bw5,na
3/11/2017,Channel D,3730,359,0.096246649,63.75,22886,19,4348,3,,Q1,5,10,2017,bw5,na
3/12/2017,Channel A,1835,387,0.210899183,58.48,22632,6,1358,3,,Q1,6,10,2017,bw5,na
3/12/2017,Channel B,1009,92,0.091179386,78.02,7178,25,1794,3,,Q1,6,10,2017,bw5,na
3/12/2017,Channel C,1242,192,0.154589372,60.91,11695,8,936,3,,Q1,6,10,2017,bw5,na
3/12/2017,Channel D,3440,375,0.109011628,62.91,23591,12,2831,3,,Q1,6,10,2017,bw5,na
3/13/2017,Channel D,6761,919,0.135926638,62.73,57649,20,11530,3,,Q1,0,11,2017,bw6,na
3/13/2017,Channel C,5084,561,0.110346184,55.39,31074,9,2797,3,,Q1,0,11,2017,bw6,na
3/13/2017,Channel B,1748,210,0.1201373,80.61,16928,18,3047,3,,Q1,0,11,2017,bw6,na
3/13/2017,Channel A,3376,832,0.246445498,59.33,49363,8,3949,3,,Q1,0,11,2017,bw6,na
3/14/2017,Channel D,6401,912,0.142477738,64.31,58651,20,11730,3,,Q1,1,11,2017,bw6,na
3/14/2017,Channel C,1980,306,0.154545455,57.13,17482,5,874,3,,Q1,1,11,2017,bw6,na
3/14/2017,Channel B,1948,196,0.100616016,82,16072,17,2732,3,,Q1,1,11,2017,bw6,na
3/14/2017,Channel A,3261,762,0.233670653,58.79,44798,4,1792,3,,Q1,1,11,2017,bw6,na
3/15/2017,Channel D,7022,972,0.138422102,63.83,62043,20,12409,3,,Q1,2,11,2017,bw6,na
3/15/2017,Channel C,3996,508,0.127127127,57.72,29322,5,1466,3,,Q1,2,11,2017,bw6,na
3/15/2017,Channel B,2257,267,0.118298626,82.2,21947,33,7243,3,,Q1,2,11,2017,bw6,na
3/15/2017,Channel A,3679,856,0.232671922,60.06,51411,6,3085,3,,Q1,2,11,2017,bw6,na
3/16/2017,Channel B,1938,223,0.115067079,82.98,18505,22,4071,3,,Q1,3,11,2017,bw6,na
3/16/2017,Channel C,4498,475,0.10560249,57.3,27218,10,2722,3,,Q1,3,11,2017,bw6,na
3/16/2017,Channel A,3477,835,0.240149554,62.82,52455,5,2623,3,,Q1,3,11,2017,bw6,na
3/16/2017,Channel D,7355,967,0.131475187,65.03,62884,19,11948,3,,Q1,3,11,2017,bw6,na
3/17/2017,Channel D,6428,816,0.126944617,64.53,52656,19,10005,3,,Q1,4,11,2017,bw6,na
3/17/2017,Channel C,8226,480,0.058351568,61.66,29597,11,3256,3,,Q1,4,11,2017,bw6,na
3/17/2017,Channel B,1587,185,0.116572149,81.13,15009,32,4803,3,,Q1,4,11,2017,bw6,na
3/17/2017,Channel A,2875,712,0.247652174,62.25,44322,4,1773,3,,Q1,4,11,2017,bw6,na
3/18/2017,Channel A,1689,350,0.207223209,61.94,21679,8,1734,3,,Q1,5,11,2017,bw6,na
3/18/2017,Channel C,3336,279,0.083633094,57.76,16115,7,1128,3,,Q1,5,11,2017,bw6,na
3/18/2017,Channel B,1109,92,0.082957619,76.67,7054,32,2257,3,,Q1,5,11,2017,bw6,na
3/18/2017,Channel D,3601,365,0.101360733,63.05,23013,11,2531,3,,Q1,5,11,2017,bw6,na
3/19/2017,Channel D,3780,414,0.10952381,61.06,25279,13,3286,3,,Q1,6,11,2017,bw6,na
3/19/2017,Channel C,1701,213,0.125220459,58.58,12478,10,1248,3,,Q1,6,11,2017,bw6,na
3/19/2017,Channel B,1046,100,0.095602294,76.88,7688,32,2460,3,,Q1,6,11,2017,bw6,na
3/19/2017,Channel A,1981,474,0.239273094,56.65,26852,10,2685,3,,Q1,6,11,2017,bw6,na
3/20/2017,Channel C,4721,550,0.116500741,55.89,30740,10,3074,3,,Q1,0,12,2017,bw6,na
3/20/2017,Channel A,3812,945,0.247901364,60.26,56946,9,5125,3,,Q1,0,12,2017,bw6,na
3/20/2017,Channel D,7546,1015,0.134508349,62.57,63509,20,12702,3,,Q1,0,12,2017,bw6,na
3/20/2017,Channel B,1798,242,0.134593993,79.54,19249,19,3657,3,,Q1,0,12,2017,bw6,na
3/21/2017,Channel B,2053,252,0.122747199,78.55,19795,27,5345,3,,Q1,1,12,2017,bw6,na
3/21/2017,Channel C,2031,332,0.163466273,59,19588,9,1763,3,,Q1,1,12,2017,bw6,na
3/21/2017,Channel A,3599,846,0.235065296,60.76,51403,3,1542,3,,Q1,1,12,2017,bw6,na
3/21/2017,Channel D,7383,1004,0.135988081,63.89,64146,11,7056,3,,Q1,1,12,2017,bw6,na
3/22/2017,Channel D,7388,974,0.131835409,63.99,62326,11,6856,3,,Q1,2,12,2017,bw6,na
3/22/2017,Channel C,4077,493,0.120922247,55.95,27583,7,1931,3,,Q1,2,12,2017,bw6,na
3/22/2017,Channel B,1934,251,0.129782834,82.04,20592,23,4736,3,,Q1,2,12,2017,bw6,na
3/22/2017,Channel A,3597,900,0.250208507,60.44,54396,8,4352,3,,Q1,2,12,2017,bw6,na
3/23/2017,Channel B,1880,227,0.120744681,81.55,18512,32,5924,3,,Q1,3,12,2017,bw6,na
3/23/2017,Channel C,4205,543,0.129131986,60.75,32987,8,2639,3,,Q1,3,12,2017,bw6,na
3/23/2017,Channel A,3368,775,0.230106888,62.97,48802,10,4880,3,,Q1,3,12,2017,bw6,na
3/23/2017,Channel D,7276,971,0.133452446,64.67,62795,13,8163,3,,Q1,3,12,2017,bw6,na
3/24/2017,Channel D,6563,808,0.123114429,65.57,52981,17,9007,3,,Q1,4,12,2017,bw6,na
3/24/2017,Channel C,2143,287,0.133924405,61.85,17751,7,1243,3,,Q1,4,12,2017,bw6,na
3/24/2017,Channel B,1678,183,0.109058403,88.16,16133,28,4517,3,,Q1,4,12,2017,bw6,na
3/24/2017,Channel A,2882,663,0.230048577,63.98,42419,9,3818,3,,Q1,4,12,2017,bw6,na
3/25/2017,Channel D,3918,354,0.090352221,62.61,22164,18,3990,3,,Q1,5,12,2017,bw6,na
3/25/2017,Channel C,2903,273,0.094040648,59.62,16276,5,814,3,,Q1,5,12,2017,bw6,na
3/25/2017,Channel B,1083,103,0.095106187,84.11,8663,25,2166,3,,Q1,5,12,2017,bw6,na
3/25/2017,Channel A,1648,316,0.191747573,61.39,19399,8,1552,3,,Q1,5,12,2017,bw6,na
3/26/2017,Channel A,1926,405,0.210280374,58.99,23891,5,1195,3,,Q1,6,12,2017,bw6,na
3/26/2017,Channel B,1004,100,0.099601594,78.49,7849,17,1334,3,,Q1,6,12,2017,bw6,na
3/26/2017,Channel C,1310,177,0.135114504,60.03,10625,7,744,3,,Q1,6,12,2017,bw6,na
3/26/2017,Channel D,3915,421,0.107535121,62.32,26237,18,4723,3,,Q1,6,12,2017,bw6,na
3/27/2017,Channel D,7593,1032,0.135914658,63.35,65377,12,7845,3,,Q1,0,13,2017,bw7,na
3/27/2017,Channel C,4764,530,0.11125105,53.28,28238,9,2541,3,,Q1,0,13,2017,bw7,na
3/27/2017,Channel B,1788,206,0.115212528,79.95,16470,27,4447,3,,Q1,0,13,2017,bw7,na
3/27/2017,Channel A,3710,908,0.244743935,60,54480,4,2179,3,,Q1,0,13,2017,bw7,na
3/28/2017,Channel D,7441,985,0.132374681,63.16,62213,12,7466,3,,Q1,1,13,2017,bw7,na
3/28/2017,Channel C,2891,531,0.183673469,56.93,30230,12,3628,3,,Q1,1,13,2017,bw7,na
3/28/2017,Channel B,1951,240,0.123013839,80.08,19219,20,3844,3,,Q1,1,13,2017,bw7,na
3/28/2017,Channel A,3764,944,0.250797024,60.8,57395,10,5740,3,,Q1,1,13,2017,bw7,na
3/29/2017,Channel D,7447,999,0.134147979,65.23,65165,18,11730,3,,Q1,2,13,2017,bw7,na
3/29/2017,Channel C,3954,513,0.129742033,56.33,28897,12,3468,3,,Q1,2,13,2017,bw7,na
3/29/2017,Channel B,2340,280,0.11965812,83.33,23332,35,8166,3,,Q1,2,13,2017,bw7,na
3/29/2017,Channel A,3650,878,0.240547945,62.03,54462,8,4357,3,,Q1,2,13,2017,bw7,na
3/30/2017,Channel A,3568,862,0.241591928,62.47,53849,6,3231,3,,Q1,3,13,2017,bw7,na
3/30/2017,Channel D,7363,929,0.126171398,64.8,60199,19,11438,3,,Q1,3,13,2017,bw7,na
3/30/2017,Channel C,5219,612,0.117263844,59.71,36543,10,3654,3,,Q1,3,13,2017,bw7,na
3/30/2017,Channel B,2524,283,0.112123613,79.75,22569,25,5642,3,,Q1,3,13,2017,bw7,na
3/31/2017,Channel A,3170,754,0.23785489,63.59,47947,7,3356,3,,Q1,4,13,2017,bw7,na
3/31/2017,Channel C,2057,330,0.160427807,60.78,20057,7,1404,3,,Q1,4,13,2017,bw7,na
3/31/2017,Channel B,1904,219,0.115021008,82.22,18006,22,3961,3,,Q1,4,13,2017,bw7,na
3/31/2017,Channel D,6796,829,0.12198352,66.17,54855,10,5485,3,,Q1,4,13,2017,bw7,na
4/1/2017,Channel D,3752,373,0.099413646,65.65,24487,16,3918,4,,Q2,5,13,2017,bw7,na
4/1/2017,Channel C,2496,288,0.115384615,57.7,16618,12,1994,4,,Q2,5,13,2017,bw7,na
4/1/2017,Channel B,1077,97,0.090064995,81.79,7934,28,2221,4,,Q2,5,13,2017,bw7,na
4/1/2017,Channel A,1621,344,0.212214682,62.28,21424,7,1500,4,,Q2,5,13,2017,bw7,na
4/2/2017,Channel B,1027,98,0.095423564,75.86,7434,15,1115,4,,Q2,6,13,2017,bw7,na
4/2/2017,Channel C,1224,235,0.191993464,58.09,13651,10,1365,4,,Q2,6,13,2017,bw7,na
4/2/2017,Channel A,1776,396,0.222972973,57.9,22928,6,1376,4,,Q2,6,13,2017,bw7,na
4/2/2017,Channel D,3528,399,0.113095238,64.4,25696,11,2827,4,,Q2,6,13,2017,bw7,na
4/3/2017,Channel D,7756,1068,0.137699845,62.62,66878,10,6688,4,,Q2,0,14,2017,bw7,na
4/3/2017,Channel C,4782,636,0.132998745,55.03,34999,5,1750,4,,Q2,0,14,2017,bw7,na
4/3/2017,Channel B,2688,274,0.101934524,72.07,19747,24,4739,4,,Q2,0,14,2017,bw7,na
4/3/2017,Channel A,3695,872,0.235994587,60.83,53044,7,3713,4,,Q2,0,14,2017,bw7,na
4/4/2017,Channel A,3951,777,0.196659074,61.84,48050,4,1922,4,,Q2,1,14,2017,bw7,na
4/4/2017,Channel D,8029,896,0.111595466,64.44,57738,12,6929,4,,Q2,1,14,2017,bw7,na
4/4/2017,Channel C,2416,375,0.155215232,60.13,22549,9,2029,4,,Q2,1,14,2017,bw7,na
4/4/2017,Channel B,2377,221,0.092974337,77.6,17150,16,2744,4,,Q2,1,14,2017,bw7,na
4/5/2017,Channel A,3609,725,0.200886672,61.08,44283,7,3100,4,,Q2,2,14,2017,bw7,na
4/5/2017,Channel B,2187,252,0.115226337,74.12,18678,28,5230,4,,Q2,2,14,2017,bw7,na
4/5/2017,Channel C,5331,503,0.09435378,57.59,28968,10,2897,4,,Q2,2,14,2017,bw7,na
4/5/2017,Channel D,7992,904,0.113113113,63.38,57296,17,9740,4,,Q2,2,14,2017,bw7,na
4/6/2017,Channel D,8120,1022,0.125862069,65.05,66481,17,11302,4,,Q2,3,14,2017,bw7,na
4/6/2017,Channel C,5000,594,0.1188,61.34,36436,5,1822,4,,Q2,3,14,2017,bw7,na
4/6/2017,Channel B,2064,287,0.139050388,74.49,21379,23,4917,4,,Q2,3,14,2017,bw7,na
4/6/2017,Channel A,3634,788,0.216840947,64.81,51070,10,5107,4,,Q2,3,14,2017,bw7,na
4/7/2017,Channel B,1967,261,0.132689375,79.22,20676,19,3929,4,,Q2,4,14,2017,bw7,na
4/7/2017,Channel C,3950,605,0.153164557,60.39,36536,12,4384,4,,Q2,4,14,2017,bw7,na
4/7/2017,Channel A,2904,641,0.220730028,61.59,39479,7,2764,4,,Q2,4,14,2017,bw7,na
4/7/2017,Channel D,7341,908,0.123688871,65.29,59283,17,10078,4,,Q2,4,14,2017,bw7,na
4/8/2017,Channel D,4466,404,0.090461263,63.41,25618,17,4355,4,,Q2,5,14,2017,bw7,na
4/8/2017,Channel C,3164,348,0.109987358,58.95,20515,8,1641,4,,Q2,5,14,2017,bw7,na
4/8/2017,Channel B,1306,151,0.115620214,75.97,11471,26,2983,4,,Q2,5,14,2017,bw7,na
4/8/2017,Channel A,1885,364,0.193103448,60.92,22175,8,1774,4,,Q2,5,14,2017,bw7,na
4/9/2017,Channel A,2124,441,0.207627119,58.37,25741,10,2574,4,,Q2,6,14,2017,bw7,na
4/9/2017,Channel D,4818,489,0.101494396,62.33,30479,10,3048,4,,Q2,6,14,2017,bw7,na
4/9/2017,Channel C,4036,539,0.133548067,57.79,31149,11,3426,4,,Q2,6,14,2017,bw7,na
4/9/2017,Channel B,1152,155,0.134548611,71.71,11115,33,3668,4,,Q2,6,14,2017,bw7,na
4/10/2017,Channel A,5921,995,0.168045938,59.38,59083,8,4727,4,,Q2,0,15,2017,bw8,na
4/10/2017,Channel B,2520,342,0.135714286,70.97,24272,23,5583,4,,Q2,0,15,2017,bw8,na
4/10/2017,Channel D,8712,1196,0.13728191,62.93,75264,19,14300,4,,Q2,0,15,2017,bw8,na
4/10/2017,Channel C,6518,964,0.147898128,55.9,53888,7,3772,4,,Q2,0,15,2017,bw8,na
4/11/2017,Channel D,9012,1209,0.134154461,61.15,73930,14,10350,4,,Q2,1,15,2017,bw8,na
4/11/2017,Channel C,6411,906,0.141319607,58.56,53055,5,2653,4,,Q2,1,15,2017,bw8,na
4/11/2017,Channel B,2315,304,0.131317495,70.59,21459,25,5365,4,,Q2,1,15,2017,bw8,na
4/11/2017,Channel A,5386,895,0.166171556,59.3,53074,10,5307,4,,Q2,1,15,2017,bw8,na
4/12/2017,Channel D,9486,1272,0.134092347,62.03,78902,12,9468,4,,Q2,2,15,2017,bw8,na
4/12/2017,Channel C,6358,838,0.131802454,56.23,47121,5,2356,4,,Q2,2,15,2017,bw8,na
4/12/2017,Channel B,2668,340,0.127436282,69.3,23562,20,4712,4,,Q2,2,15,2017,bw8,na
4/12/2017,Channel A,4685,966,0.206189968,60.84,58771,6,3526,4,,Q2,2,15,2017,bw8,na
4/13/2017,Channel D,9300,1202,0.129247312,64.46,77481,11,8523,4,,Q2,3,15,2017,bw8,na
4/13/2017,Channel C,5550,833,0.15009009,60.5,50396,6,3024,4,,Q2,3,15,2017,bw8,na
4/13/2017,Channel B,2442,294,0.12039312,72.47,21306,35,7457,4,,Q2,3,15,2017,bw8,na
4/13/2017,Channel A,3976,887,0.223088531,62.09,55074,4,2203,4,,Q2,3,15,2017,bw8,na
4/14/2017,Channel B,1793,241,0.134411601,73.79,17783,18,3201,4,,Q2,4,15,2017,bw8,na
4/14/2017,Channel A,3186,676,0.21217828,63.03,42608,8,3409,4,,Q2,4,15,2017,bw8,na
4/14/2017,Channel D,8328,1026,0.123198847,65.09,66782,20,13356,4,,Q2,4,15,2017,bw8,na
4/14/2017,Channel C,4277,605,0.14145429,64.98,39313,8,3145,4,,Q2,4,15,2017,bw8,na
4/15/2017,Channel D,5182,455,0.087803937,63.01,28670,14,4014,4,,Q2,5,15,2017,bw8,na
4/15/2017,Channel C,3000,279,0.093,65.01,18138,9,1632,4,,Q2,5,15,2017,bw8,na
4/15/2017,Channel B,1138,115,0.101054482,74.35,8550,34,2907,4,,Q2,5,15,2017,bw8,na
4/15/2017,Channel A,1836,338,0.184095861,62.26,21044,9,1894,4,,Q2,5,15,2017,bw8,na
4/16/2017,Channel D,3744,347,0.092681624,63.55,22052,15,3308,4,,Q2,6,15,2017,bw8,na
4/16/2017,Channel C,959,119,0.124087591,61.77,7351,10,735,4,,Q2,6,15,2017,bw8,na
4/16/2017,Channel B,906,96,0.105960265,80.47,7725,16,1236,4,,Q2,6,15,2017,bw8,na
4/16/2017,Channel A,1381,251,0.181752353,59.66,14975,6,898,4,,Q2,6,15,2017,bw8,na
4/17/2017,Channel B,2033,252,0.123954747,80.18,20205,18,3637,4,,Q2,0,16,2017,bw8,na
4/17/2017,Channel D,8100,1034,0.127654321,62.77,64904,12,7789,4,,Q2,0,16,2017,bw8,na
4/17/2017,Channel C,3795,388,0.102239789,58.56,22721,10,2272,4,,Q2,0,16,2017,bw8,na
4/17/2017,Channel A,3514,806,0.229368241,61.83,49835,10,4983,4,,Q2,0,16,2017,bw8,na
4/18/2017,Channel C,4623,528,0.114211551,62.04,32757,11,3603,4,,Q2,1,16,2017,bw8,na
4/18/2017,Channel B,2242,297,0.132471008,80.4,23879,22,5253,4,,Q2,1,16,2017,bw8,na
4/18/2017,Channel D,8437,1019,0.120777528,64.38,65603,10,6560,4,,Q2,1,16,2017,bw8,na
4/18/2017,Channel A,3674,837,0.227817093,62.76,52530,9,4728,4,,Q2,1,16,2017,bw8,na
4/19/2017,Channel C,4336,461,0.106319188,57.89,26687,6,1601,4,,Q2,2,16,2017,bw8,na
4/19/2017,Channel A,3639,921,0.253091509,60.83,56024,4,2241,4,,Q2,2,16,2017,bw8,na
4/19/2017,Channel B,2361,361,0.152901313,74.64,26945,24,6467,4,,Q2,2,16,2017,bw8,na
4/19/2017,Channel D,8974,1212,0.135056831,63.2,76598,18,13788,4,,Q2,2,16,2017,bw8,na
4/20/2017,Channel C,4176,575,0.137691571,60.59,34839,9,3136,4,,Q2,3,16,2017,bw8,na
4/20/2017,Channel B,2319,350,0.150927124,77.07,26974,26,7013,4,,Q2,3,16,2017,bw8,na
4/20/2017,Channel A,3649,902,0.247191011,60.63,54688,10,5469,4,,Q2,3,16,2017,bw8,na
4/20/2017,Channel D,8984,1163,0.12945236,63.72,74106,18,13339,4,,Q2,3,16,2017,bw8,na
4/21/2017,Channel A,3262,724,0.221949724,64.65,46807,3,1404,4,,Q2,4,16,2017,bw8,na
4/21/2017,Channel C,1954,290,0.148413511,66.21,19201,6,1152,4,,Q2,4,16,2017,bw8,na
4/21/2017,Channel B,2021,287,0.142008906,73.42,21072,21,4425,4,,Q2,4,16,2017,bw8,na
4/21/2017,Channel D,8668,1063,0.122634979,67.09,71317,17,12124,4,,Q2,4,16,2017,bw8,na
4/22/2017,Channel D,5136,429,0.083528037,64.81,27803,20,5561,4,,Q2,5,16,2017,bw8,na
4/22/2017,Channel C,2827,295,0.104350902,62.73,18505,11,2036,4,,Q2,5,16,2017,bw8,na
4/22/2017,Channel B,1159,140,0.120793788,78,10920,17,1856,4,,Q2,5,16,2017,bw8,na
4/22/2017,Channel A,1959,367,0.18734048,63.58,23334,10,2333,4,,Q2,5,16,2017,bw8,na
4/23/2017,Channel D,5070,499,0.098422091,62.45,31163,10,3116,4,,Q2,6,16,2017,bw8,na
4/23/2017,Channel C,1250,204,0.1632,60.68,12379,7,867,4,,Q2,6,16,2017,bw8,na
4/23/2017,Channel B,1202,139,0.115640599,69.52,9663,30,2899,4,,Q2,6,16,2017,bw8,na
4/23/2017,Channel A,2180,479,0.219724771,60.54,28999,4,1160,4,,Q2,6,16,2017,bw8,na
4/24/2017,Channel D,10202,1410,0.138208194,66.07,93159,13,12111,4,,Q2,0,17,2017,bw9,na
4/24/2017,Channel C,5195,623,0.119923003,60.08,37430,6,2246,4,,Q2,0,17,2017,bw9,na
4/24/2017,Channel B,2146,306,0.142590867,72.03,22041,17,3747,4,,Q2,0,17,2017,bw9,na
4/24/2017,Channel A,4774,1173,0.245705907,63.9,74955,4,2998,4,,Q2,0,17,2017,bw9,na
4/25/2017,Channel B,2444,360,0.147299509,71.39,25700,18,4626,4,,Q2,1,17,2017,bw9,na
4/25/2017,Channel C,5803,792,0.13648113,62.02,49120,12,5894,4,,Q2,1,17,2017,bw9,na
4/25/2017,Channel A,5299,1275,0.240611436,65.46,83461,6,5008,4,,Q2,1,17,2017,bw9,na
4/25/2017,Channel D,11402,1517,0.133046834,68.46,103854,16,16617,4,,Q2,1,17,2017,bw9,na
4/26/2017,Channel D,11981,1377,0.114931976,66.81,91997,11,10120,4,,Q2,2,17,2017,bw9,na
4/26/2017,Channel C,5484,700,0.127644055,59.3,41510,11,4566,4,,Q2,2,17,2017,bw9,na
4/26/2017,Channel B,2410,360,0.149377593,73.04,26294,18,4733,4,,Q2,2,17,2017,bw9,na
4/26/2017,Channel A,5331,1219,0.22866254,63.11,76931,4,3077,4,,Q2,2,17,2017,bw9,na
4/27/2017,Channel A,5164,1118,0.216498838,62.93,70356,5,3518,4,,Q2,3,17,2017,bw9,na
4/27/2017,Channel C,7584,1048,0.138185654,61.58,64536,5,3227,4,,Q2,3,17,2017,bw9,na
4/27/2017,Channel B,2623,393,0.149828441,69.99,27506,27,7427,4,,Q2,3,17,2017,bw9,na
4/27/2017,Channel D,10354,1139,0.110005795,65.79,74935,13,9742,4,,Q2,3,17,2017,bw9,na
4/28/2017,Channel D,9031,1037,0.114826708,64.31,66689,16,10670,4,,Q2,4,17,2017,bw9,na
4/28/2017,Channel C,5678,711,0.125220148,62.13,44174,10,4417,4,,Q2,4,17,2017,bw9,na
4/28/2017,Channel B,2125,325,0.152941176,68.26,22184,32,7099,4,,Q2,4,17,2017,bw9,na
4/28/2017,Channel A,4394,925,0.210514338,62.44,57757,6,3465,4,,Q2,4,17,2017,bw9,na
4/29/2017,Channel C,5597,604,0.107914954,58.8,35515,8,2841,4,,Q2,5,17,2017,bw9,na
4/29/2017,Channel A,3068,570,0.185788787,60.85,34684,3,1041,4,,Q2,5,17,2017,bw9,na
4/29/2017,Channel D,5858,525,0.089621031,63.12,33138,17,5633,4,,Q2,5,17,2017,bw9,na
4/29/2017,Channel B,1365,214,0.156776557,65.02,13914,17,2365,4,,Q2,5,17,2017,bw9,na
5/15/2017,Channel A,5280,826,0.156439394,63.9,52781,8,4223,5,,Q2,0,20,2017,bw10,na
5/15/2017,Channel B,3096,321,0.103682171,71.16,22842,32,7310,5,,Q2,0,20,2017,bw10,na
5/15/2017,Channel C,5765,335,0.05810928,65.9,22077,9,1987,5,,Q2,0,20,2017,bw10,na
5/15/2017,Channel D,12377,1126,0.090975196,67.85,76399,18,13752,5,,Q2,0,20,2017,bw10,na
5/16/2017,Channel D,8789,850,0.096711799,66.61,56618,10,5662,5,,Q2,1,20,2017,bw10,na
5/16/2017,Channel C,3461,250,0.072233459,61.68,15420,6,925,5,,Q2,1,20,2017,bw10,na
5/16/2017,Channel B,2571,293,0.113963438,75.07,21996,29,6379,5,,Q2,1,20,2017,bw10,na
5/16/2017,Channel A,3659,709,0.193768789,63.35,44915,4,1797,5,,Q2,1,20,2017,bw10,na
5/17/2017,Channel B,2384,311,0.13045302,74.76,23250,16,3720,5,,Q2,2,20,2017,bw10,na
5/17/2017,Channel C,3663,336,0.091728092,65.2,21907,12,2629,5,,Q2,2,20,2017,bw10,na
5/17/2017,Channel A,3433,684,0.199242645,62.54,42777,7,2994,5,,Q2,2,20,2017,bw10,na
5/17/2017,Channel D,7703,820,0.106452032,63.86,52365,19,9949,5,,Q2,2,20,2017,bw10,na
5/18/2017,Channel D,7196,788,0.109505281,65.52,51630,18,9293,5,,Q2,3,20,2017,bw10,na
5/18/2017,Channel C,3296,289,0.087682039,63.71,18412,8,1473,5,,Q2,3,20,2017,bw10,na
5/18/2017,Channel B,2258,315,0.139503986,75.5,23782,34,8086,5,,Q2,3,20,2017,bw10,na
5/18/2017,Channel A,3055,663,0.217021277,64,42432,9,3819,5,,Q2,3,20,2017,bw10,na
5/19/2017,Channel D,6339,723,0.114055845,66.47,48058,14,6728,5,,Q2,4,20,2017,bw10,na
5/19/2017,Channel C,2363,204,0.086330935,65.24,13309,10,1331,5,,Q2,4,20,2017,bw10,na
5/19/2017,Channel B,1968,269,0.136686992,76.49,20576,15,3086,5,,Q2,4,20,2017,bw10,na
5/19/2017,Channel A,2728,598,0.219208211,63.28,37841,5,1892,5,,Q2,4,20,2017,bw10,na
5/20/2017,Channel A,1672,294,0.175837321,60.26,17716,8,1417,5,,Q2,5,20,2017,bw10,na
5/20/2017,Channel B,1368,160,0.116959064,71.79,11486,21,2412,5,,Q2,5,20,2017,bw10,na
5/20/2017,Channel C,2493,204,0.081829122,61.16,12477,11,1372,5,,Q2,5,20,2017,bw10,na
5/20/2017,Channel D,3737,290,0.077602355,63.93,18540,19,3523,5,,Q2,5,20,2017,bw10,na
5/21/2017,Channel D,3427,326,0.095126933,62.71,20443,20,4089,5,,Q2,6,20,2017,bw10,na
5/21/2017,Channel C,1386,151,0.108946609,61.22,9244,6,555,5,,Q2,6,20,2017,bw10,na
5/21/2017,Channel B,1256,126,0.100318471,70.56,8891,25,2223,5,,Q2,6,20,2017,bw10,na
5/21/2017,Channel A,1649,325,0.197089145,59.2,19240,8,1539,5,,Q2,6,20,2017,bw10,na
5/22/2017,Channel A,3345,743,0.222122571,61.46,45665,4,1827,5,,Q2,0,21,2017,bw11,na
5/22/2017,Channel D,6926,871,0.125758013,63.84,55605,19,10565,5,,Q2,0,21,2017,bw11,na
5/22/2017,Channel C,6036,544,0.090125911,56.99,31003,9,2790,5,,Q2,0,21,2017,bw11,na
5/22/2017,Channel B,2054,275,0.133885102,72.1,19828,27,5353,5,,Q2,0,21,2017,bw11,na
5/23/2017,Channel D,6709,789,0.11760322,63.74,50291,15,7544,5,,Q2,1,21,2017,bw11,na
5/23/2017,Channel C,6560,641,0.097713415,61.19,39223,11,4315,5,,Q2,1,21,2017,bw11,na
5/23/2017,Channel B,2151,306,0.142259414,71.67,21931,17,3728,5,,Q2,1,21,2017,bw11,na
5/23/2017,Channel A,3310,735,0.222054381,62.26,45761,3,1373,5,,Q2,1,21,2017,bw11,na
5/24/2017,Channel B,2209,347,0.157084654,72.01,24987,29,7246,5,,Q2,2,21,2017,bw11,na
5/24/2017,Channel C,5115,477,0.093255132,56.67,27032,6,1622,5,,Q2,2,21,2017,bw11,na
5/24/2017,Channel A,3205,737,0.229953198,62.84,46313,4,1853,5,,Q2,2,21,2017,bw11,na
5/24/2017,Channel D,6429,785,0.122102971,66.02,51826,20,10365,5,,Q2,2,21,2017,bw11,na
5/25/2017,Channel A,3004,661,0.220039947,63.19,41769,3,1253,5,,Q2,3,21,2017,bw11,na
5/25/2017,Channel B,2029,305,0.150320355,72.62,22149,18,3987,5,,Q2,3,21,2017,bw11,na
5/25/2017,Channel D,6156,712,0.115659519,65.56,46679,16,7469,5,,Q2,3,21,2017,bw11,na
5/25/2017,Channel C,5377,535,0.099497861,62.04,33191,7,2323,5,,Q2,3,21,2017,bw11,na
5/26/2017,Channel D,5305,579,0.109142319,67.54,39106,12,4693,5,,Q2,4,21,2017,bw11,na
5/26/2017,Channel C,2343,252,0.107554417,62.6,15775,7,1104,5,,Q2,4,21,2017,bw11,na
5/26/2017,Channel B,2405,267,0.111018711,70.11,18719,20,3744,5,,Q2,4,21,2017,bw11,na
5/26/2017,Channel A,2247,495,0.220293725,62.3,30838,5,1542,5,,Q2,4,21,2017,bw11,na
5/27/2017,Channel D,3039,240,0.078973346,66.07,15857,20,3171,5,,Q2,5,21,2017,bw11,na
5/27/2017,Channel C,2095,192,0.091646778,62.03,11910,5,595,5,,Q2,5,21,2017,bw11,na
5/27/2017,Channel B,1392,134,0.096264368,68.16,9133,22,2009,5,,Q2,5,21,2017,bw11,na
5/27/2017,Channel A,1331,247,0.185574756,62.21,15366,9,1383,5,,Q2,5,21,2017,bw11,na
5/28/2017,Channel B,1034,99,0.095744681,68.08,6740,34,2292,5,,Q2,6,21,2017,bw11,na
5/28/2017,Channel D,2516,194,0.077106518,63.11,12243,12,1469,5,,Q2,6,21,2017,bw11,na
5/28/2017,Channel C,1456,122,0.083791209,58.02,7078,7,495,5,,Q2,6,21,2017,bw11,na
5/28/2017,Channel A,1095,222,0.202739726,59.07,13114,9,1180,5,,Q2,6,21,2017,bw11,na
5/29/2017,Channel D,3331,331,0.099369559,64.67,21406,13,2783,5,,Q2,0,22,2017,bw11,na
5/29/2017,Channel A,1701,381,0.223985891,60.25,22955,5,1148,5,,Q2,0,22,2017,bw11,na
5/29/2017,Channel C,1264,138,0.109177215,58.15,8025,7,562,5,,Q2,0,22,2017,bw11,na
5/29/2017,Channel B,1417,166,0.117148906,73.61,12219,22,2688,5,,Q2,0,22,2017,bw11,na
5/30/2017,Channel A,3168,788,0.248737374,61.87,48754,3,1463,5,,Q2,1,22,2017,bw11,na
5/30/2017,Channel B,2353,372,0.158096048,72.35,26914,26,6998,5,,Q2,1,22,2017,bw11,na
5/30/2017,Channel D,6463,817,0.126411883,63.22,51651,19,9814,5,,Q2,1,22,2017,bw11,na
5/30/2017,Channel C,4959,462,0.093163944,56.36,26038,6,1562,5,,Q2,1,22,2017,bw11,na
5/31/2017,Channel D,6412,825,0.128665003,63.63,52495,18,9449,5,,Q2,2,22,2017,bw11,na
5/31/2017,Channel C,4845,516,0.106501548,56.94,29381,8,2350,5,,Q2,2,22,2017,bw11,na
5/31/2017,Channel B,2362,278,0.117696867,75.42,20967,29,6080,5,,Q2,2,22,2017,bw11,na
5/31/2017,Channel A,3200,758,0.236875,62.1,47072,7,3295,5,,Q2,2,22,2017,bw11,na
6/1/2017,Channel D,6206,779,0.125523687,65.04,50666,20,10133,6,,Q2,3,22,2017,bw11,na
6/1/2017,Channel C,4812,528,0.109725686,61.59,32520,10,3252,6,,Q2,3,22,2017,bw11,na
6/1/2017,Channel B,2143,282,0.131591227,77.87,21959,32,7027,6,,Q2,3,22,2017,bw11,na
6/1/2017,Channel A,3037,737,0.242673691,61.65,45436,3,1363,6,,Q2,3,22,2017,bw11,na
6/2/2017,Channel D,5418,671,0.123846438,67.21,45098,12,5412,6,,Q2,4,22,2017,bw11,na
6/2/2017,Channel C,2505,287,0.114570858,62.96,18070,10,1807,6,,Q2,4,22,2017,bw11,na
6/2/2017,Channel B,1822,226,0.124039517,78.51,17743,28,4968,6,,Q2,4,22,2017,bw11,na
6/2/2017,Channel A,2565,623,0.24288499,62.58,38987,7,2729,6,,Q2,4,22,2017,bw11,na
6/3/2017,Channel B,1236,106,0.085760518,79.71,8449,19,1605,6,,Q2,5,22,2017,bw11,na
6/3/2017,Channel C,2789,250,0.089637863,60.89,15222,6,913,6,,Q2,5,22,2017,bw11,na
6/3/2017,Channel A,1468,292,0.198910082,60.51,17669,3,530,6,,Q2,5,22,2017,bw11,na
6/3/2017,Channel D,3204,276,0.086142322,65.59,18103,19,3440,6,,Q2,5,22,2017,bw11,na
6/4/2017,Channel D,3112,334,0.107326478,59.82,19980,13,2597,6,,Q2,6,22,2017,bw11,na
6/4/2017,Channel C,1424,174,0.122191011,60.12,10461,7,732,6,,Q2,6,22,2017,bw11,na
6/4/2017,Channel B,1077,98,0.0909935,71.23,6981,16,1117,6,,Q2,6,22,2017,bw11,na
6/4/2017,Channel A,1711,355,0.207481005,58.51,20771,4,831,6,,Q2,6,22,2017,bw11,na
6/5/2017,Channel A,3410,862,0.252785924,59.92,51651,8,4132,6,,Q2,0,23,2017,bw12,na
6/5/2017,Channel C,5644,590,0.10453579,52.39,30910,6,1855,6,,Q2,0,23,2017,bw12,na
6/5/2017,Channel B,1973,247,0.125190066,75.54,18658,23,4291,6,,Q2,0,23,2017,bw12,na
6/5/2017,Channel D,6249,822,0.131541047,61.99,50956,10,5096,6,,Q2,0,23,2017,bw12,na
6/6/2017,Channel D,6128,789,0.128753264,63.36,49991,11,5499,6,,Q2,1,23,2017,bw12,na
6/6/2017,Channel C,2695,325,0.120593692,55.84,18148,6,1089,6,,Q2,1,23,2017,bw12,na
6/6/2017,Channel B,2142,258,0.120448179,74.64,19257,31,5970,6,,Q2,1,23,2017,bw12,na
6/6/2017,Channel A,3407,829,0.243322571,62.75,52020,5,2601,6,,Q2,1,23,2017,bw12,na
6/7/2017,Channel C,4749,490,0.103179617,53.44,26186,5,1309,6,,Q2,2,23,2017,bw12,na
6/7/2017,Channel A,3246,774,0.23844732,63.72,49319,3,1480,6,,Q2,2,23,2017,bw12,na
6/7/2017,Channel D,6009,763,0.126976202,65.38,49885,10,4988,6,,Q2,2,23,2017,bw12,na
6/7/2017,Channel B,2378,258,0.108494533,79.2,20434,18,3678,6,,Q2,2,23,2017,bw12,na
6/8/2017,Channel B,2669,295,0.110528288,78.83,23255,21,4884,6,,Q2,3,23,2017,bw12,na
6/8/2017,Channel C,4956,487,0.09826473,61.34,29873,10,2987,6,,Q2,3,23,2017,bw12,na
6/8/2017,Channel A,2940,669,0.22755102,62.13,41565,4,1663,6,,Q2,3,23,2017,bw12,na
6/8/2017,Channel D,5731,699,0.121968243,65.05,45470,20,9094,6,,Q2,3,23,2017,bw12,na
6/9/2017,Channel D,5196,656,0.126250962,65.5,42968,19,8164,6,,Q2,4,23,2017,bw12,na
6/9/2017,Channel C,3725,435,0.116778523,59.11,25713,8,2057,6,,Q2,4,23,2017,bw12,na
6/9/2017,Channel B,1979,240,0.12127337,75.13,18031,33,5950,6,,Q2,4,23,2017,bw12,na
6/9/2017,Channel A,2649,618,0.233295583,62,38316,6,2299,6,,Q2,4,23,2017,bw12,na
6/10/2017,Channel B,1139,114,0.100087796,73.91,8426,17,1432,6,,Q2,5,23,2017,bw12,na
6/10/2017,Channel C,2968,248,0.083557951,58.48,14503,7,1015,6,,Q2,5,23,2017,bw12,na
6/10/2017,Channel A,1359,297,0.218543046,61.28,18200,6,1092,6,,Q2,5,23,2017,bw12,na
6/10/2017,Channel D,3124,276,0.088348271,62.38,17217,18,3099,6,,Q2,5,23,2017,bw12,na
6/11/2017,Channel D,3032,310,0.102242744,61.59,19093,14,2673,6,,Q2,6,23,2017,bw12,na
6/11/2017,Channel C,1476,208,0.140921409,59.75,12428,11,1367,6,,Q2,6,23,2017,bw12,na
6/11/2017,Channel B,1144,122,0.106643357,67.44,8228,17,1399,6,,Q2,6,23,2017,bw12,na
6/11/2017,Channel A,1580,360,0.227848101,59.71,21496,9,1935,6,,Q2,6,23,2017,bw12,na
6/12/2017,Channel D,6036,827,0.137011266,62.95,52060,19,9891,6,,Q2,0,24,2017,bw12,na
6/12/2017,Channel C,6220,630,0.101286174,53.79,33888,7,2372,6,,Q2,0,24,2017,bw12,na
6/12/2017,Channel B,2120,240,0.113207547,78.12,18749,28,5250,6,,Q2,0,24,2017,bw12,na
6/12/2017,Channel A,3340,857,0.256586826,59.14,50683,8,4055,6,,Q2,0,24,2017,bw12,na
6/13/2017,Channel A,3456,852,0.246527778,60.03,51146,6,3069,6,,Q2,1,24,2017,bw12,na
6/13/2017,Channel B,2440,262,0.107377049,73.77,19328,35,6765,6,,Q2,1,24,2017,bw12,na
6/13/2017,Channel C,2976,371,0.124663978,58.25,21611,11,2377,6,,Q2,1,24,2017,bw12,na
6/13/2017,Channel D,6064,830,0.136873351,63.77,52929,14,7410,6,,Q2,1,24,2017,bw12,na
6/14/2017,Channel D,6170,869,0.140842788,63.23,54947,10,5495,6,,Q2,2,24,2017,bw12,na
6/14/2017,Channel C,5157,563,0.109171999,57,32091,9,2888,6,,Q2,2,24,2017,bw12,na
6/14/2017,Channel B,2284,282,0.123467601,71.53,20171,24,4841,6,,Q2,2,24,2017,bw12,na
6/14/2017,Channel A,3423,778,0.227286006,61.02,47474,7,3323,6,,Q2,2,24,2017,bw12,na
6/15/2017,Channel D,6133,835,0.136148704,64.24,53640,16,8582,6,,Q2,3,24,2017,bw12,na
6/15/2017,Channel C,4668,538,0.115252785,59.65,32092,9,2888,6,,Q2,3,24,2017,bw12,na
6/15/2017,Channel B,2135,284,0.133021077,77.01,21871,27,5905,6,,Q2,3,24,2017,bw12,na
6/15/2017,Channel A,4357,753,0.172825339,62.53,47085,5,2354,6,,Q2,3,24,2017,bw12,na
6/16/2017,Channel D,5819,797,0.136965114,65.17,51940,10,5194,6,,Q2,4,24,2017,bw12,na
6/16/2017,Channel C,2526,300,0.118764846,60.16,18048,10,1805,6,,Q2,4,24,2017,bw12,na
6/16/2017,Channel B,1728,216,0.125,75.53,16314,34,5547,6,,Q2,4,24,2017,bw12,na
6/16/2017,Channel A,2732,671,0.245607613,62.09,41662,8,3333,6,,Q2,4,24,2017,bw12,na
6/17/2017,Channel A,1692,352,0.208037825,59.26,20860,10,2086,6,,Q2,5,24,2017,bw12,na
6/17/2017,Channel D,3724,346,0.092910849,63.02,21805,10,2180,6,,Q2,5,24,2017,bw12,na
6/17/2017,Channel C,2799,250,0.089317613,61.69,15422,7,1080,6,,Q2,5,24,2017,bw12,na
6/17/2017,Channel B,1011,92,0.090999011,75.48,6944,33,2292,6,,Q2,5,24,2017,bw12,na
6/18/2017,Channel A,1469,291,0.198093941,59.9,17431,8,1394,6,,Q2,6,24,2017,bw12,na
6/18/2017,Channel B,858,87,0.101398601,74.29,6463,17,1099,6,,Q2,6,24,2017,bw12,na
6/18/2017,Channel D,3010,290,0.096345515,60.7,17603,14,2464,6,,Q2,6,24,2017,bw12,na
6/18/2017,Channel C,1231,141,0.114541024,58.03,8182,7,573,6,,Q2,6,24,2017,bw12,na
6/19/2017,Channel D,5346,706,0.132061354,61.94,43730,10,4373,6,,Q2,0,25,2017,bw13,na
6/19/2017,Channel C,7111,627,0.088173253,50.56,31701,9,2853,6,,Q2,0,25,2017,bw13,na
6/19/2017,Channel B,1752,207,0.118150685,81.23,16815,23,3867,6,,Q2,0,25,2017,bw13,na
6/19/2017,Channel A,2873,692,0.240863209,60.78,42060,3,1262,6,,Q2,0,25,2017,bw13,na
6/20/2017,Channel D,5422,712,0.131316857,65.19,46415,13,6034,6,,Q2,1,25,2017,bw13,na
6/20/2017,Channel C,3398,303,0.0891701,56.55,17135,6,1028,6,,Q2,1,25,2017,bw13,na
6/20/2017,Channel B,1840,222,0.120652174,78.2,17360,31,5382,6,,Q2,1,25,2017,bw13,na
6/20/2017,Channel A,2826,678,0.239915074,60.65,41121,10,4112,6,,Q2,1,25,2017,bw13,na
6/21/2017,Channel D,5250,659,0.12552381,64.1,42242,20,8448,6,,Q2,2,25,2017,bw13,na
6/21/2017,Channel C,5203,468,0.089948107,53.38,24982,9,2248,6,,Q2,2,25,2017,bw13,na
6/21/2017,Channel B,1828,238,0.130196937,80.89,19252,29,5583,6,,Q2,2,25,2017,bw13,na
6/21/2017,Channel A,2677,631,0.235711617,61.43,38762,8,3101,6,,Q2,2,25,2017,bw13,na
6/22/2017,Channel B,1836,218,0.118736383,81.59,17787,33,5870,6,,Q2,3,25,2017,bw13,na
6/22/2017,Channel C,5251,468,0.089125881,56.83,26596,8,2128,6,,Q2,3,25,2017,bw13,na
6/22/2017,Channel A,2682,653,0.243475019,62.9,41074,5,2054,6,,Q2,3,25,2017,bw13,na
6/22/2017,Channel D,5252,715,0.136138614,66.98,47891,15,7184,6,,Q2,3,25,2017,bw13,na
6/23/2017,Channel D,4858,598,0.123095924,65.44,39133,20,7827,6,,Q2,4,25,2017,bw13,na
6/23/2017,Channel C,3005,300,0.099833611,60.86,18258,10,1826,6,,Q2,4,25,2017,bw13,na
6/23/2017,Channel B,1675,186,0.111044776,79.98,14876,28,4165,6,,Q2,4,25,2017,bw13,na
6/23/2017,Channel A,2233,528,0.236453202,62.92,33222,4,1329,6,,Q2,4,25,2017,bw13,na
6/24/2017,Channel A,1210,252,0.208264463,61.94,15609,6,937,6,,Q2,5,25,2017,bw13,na
6/24/2017,Channel C,3264,228,0.069852941,61.79,14088,6,845,6,,Q2,5,25,2017,bw13,na
6/24/2017,Channel B,1100,91,0.082727273,76.69,6979,28,1954,6,,Q2,5,25,2017,bw13,na
6/24/2017,Channel D,2766,248,0.089660159,65.1,16145,12,1937,6,,Q2,5,25,2017,bw13,na
6/25/2017,Channel D,2536,247,0.097397476,64.05,15820,12,1898,6,,Q2,6,25,2017,bw13,na
6/25/2017,Channel C,1445,151,0.10449827,58.14,8779,8,702,6,,Q2,6,25,2017,bw13,na
6/25/2017,Channel B,1051,88,0.083729781,80.2,7058,29,2047,6,,Q2,6,25,2017,bw13,na
6/25/2017,Channel A,1258,265,0.210651828,61.09,16189,10,1619,6,,Q2,6,25,2017,bw13,na
6/26/2017,Channel C,5093,470,0.092283526,57.68,27110,6,1627,6,,Q2,0,26,2017,bw13,na
6/26/2017,Channel A,2752,708,0.257267442,61.37,43450,7,3041,6,,Q2,0,26,2017,bw13,na
6/26/2017,Channel D,5410,779,0.143992606,63.73,49646,13,6454,6,,Q2,0,26,2017,bw13,na
6/26/2017,Channel B,1871,224,0.119722074,78.45,17573,19,3339,6,,Q2,0,26,2017,bw13,na
6/27/2017,Channel A,2642,658,0.249053747,63.09,41513,6,2491,6,,Q2,1,26,2017,bw13,na
6/27/2017,Channel B,1947,233,0.119671289,78.49,18288,17,3109,6,,Q2,1,26,2017,bw13,na
6/27/2017,Channel D,5357,742,0.13851036,64.43,47807,14,6693,6,,Q2,1,26,2017,bw13,na
6/27/2017,Channel C,2870,260,0.090592334,59.99,15597,11,1716,6,,Q2,1,26,2017,bw13,na
6/28/2017,Channel D,5377,685,0.127394458,64.32,44059,15,6609,6,,Q2,2,26,2017,bw13,na
6/28/2017,Channel C,4877,434,0.088989133,57.32,24877,6,1493,6,,Q2,2,26,2017,bw13,na
6/28/2017,Channel B,1987,244,0.122798188,77.98,19027,32,6089,6,,Q2,2,26,2017,bw13,na
6/28/2017,Channel A,2584,625,0.241873065,61.88,38675,6,2320,6,,Q2,2,26,2017,bw13,na
6/29/2017,Channel D,5208,648,0.124423963,64.55,41828,17,7111,6,,Q2,3,26,2017,bw13,na
6/29/2017,Channel C,4474,384,0.085829236,62.28,23916,5,1196,6,,Q2,3,26,2017,bw13,na
6/29/2017,Channel B,1892,230,0.121564482,79.98,18395,15,2759,6,,Q2,3,26,2017,bw13,na
6/29/2017,Channel A,2431,605,0.248868778,62.2,37631,7,2634,6,,Q2,3,26,2017,bw13,na
6/30/2017,Channel D,4610,540,0.117136659,65.82,35543,10,3554,6,,Q2,4,26,2017,bw13,na
6/30/2017,Channel C,2956,300,0.101488498,59.72,17916,8,1433,6,,Q2,4,26,2017,bw13,na
6/30/2017,Channel B,1654,208,0.125755744,77.31,16080,25,4020,6,,Q2,4,26,2017,bw13,na
6/30/2017,Channel A,2119,527,0.248702218,62.38,32874,3,986,6,,Q2,4,26,2017,bw13,na
7/1/2017,Channel B,1110,101,0.090990991,77.01,7778,24,1867,7,,Q3,5,26,2017,bw13,na
7/1/2017,Channel A,1298,283,0.218027735,62.78,17767,9,1599,7,,Q3,5,26,2017,bw13,na
7/1/2017,Channel D,2887,247,0.08555594,63.62,15714,14,2200,7,,Q3,5,26,2017,bw13,na
7/1/2017,Channel C,2899,210,0.072438772,61.81,12980,10,1298,7,,Q3,5,26,2017,bw13,na
7/2/2017,Channel D,2421,210,0.086741016,62.71,13169,14,1844,7,,Q3,6,26,2017,bw13,na
7/2/2017,Channel C,1234,120,0.097244733,59.56,7147,11,786,7,,Q3,6,26,2017,bw13,na
7/2/2017,Channel B,910,63,0.069230769,82.24,5181,29,1503,7,,Q3,6,26,2017,bw13,na
7/2/2017,Channel A,1195,244,0.2041841,60.64,14796,7,1036,7,,Q3,6,26,2017,bw13,na
7/3/2017,Channel D,3834,417,0.108763693,65.09,27143,20,5429,7,,Q3,0,27,2017,bw14,na
7/3/2017,Channel C,3684,305,0.082790445,59.99,18297,6,1098,7,,Q3,0,27,2017,bw14,na
7/3/2017,Channel B,1356,140,0.103244838,85.09,11913,35,4169,7,,Q3,0,27,2017,bw14,na
7/3/2017,Channel A,1612,350,0.217121588,61.26,21441,6,1286,7,,Q3,0,27,2017,bw14,na
7/4/2017,Channel B,1036,92,0.088803089,88.17,8112,24,1947,7,,Q3,1,27,2017,bw14,na
7/4/2017,Channel D,2345,222,0.09466951,63.86,14177,14,1985,7,,Q3,1,27,2017,bw14,na
7/4/2017,Channel C,1239,121,0.097659403,61.44,7434,9,669,7,,Q3,1,27,2017,bw14,na
7/4/2017,Channel A,1271,249,0.195908733,63.31,15764,6,946,7,,Q3,1,27,2017,bw14,na
7/5/2017,Channel C,4459,417,0.093518726,59.42,24778,11,2726,7,,Q3,2,27,2017,bw14,na
7/5/2017,Channel B,2072,220,0.106177606,81.56,17943,15,2691,7,,Q3,2,27,2017,bw14,na
7/5/2017,Channel D,5014,665,0.13262864,64.79,43085,13,5601,7,,Q3,2,27,2017,bw14,na
7/5/2017,Channel A,2437,601,0.24661469,62.72,37695,3,1131,7,,Q3,2,27,2017,bw14,na
7/6/2017,Channel C,5062,458,0.090478072,61.14,28002,12,3360,7,,Q3,3,27,2017,bw14,na
7/6/2017,Channel B,2075,256,0.123373494,86.43,22126,17,3761,7,,Q3,3,27,2017,bw14,na
7/6/2017,Channel D,5402,677,0.125323954,65.52,44357,18,7984,7,,Q3,3,27,2017,bw14,na
7/6/2017,Channel A,2592,626,0.241512346,63.42,39701,5,1985,7,,Q3,3,27,2017,bw14,na
7/7/2017,Channel C,3773,321,0.085078187,64.19,20605,10,2060,7,,Q3,4,27,2017,bw14,na
7/7/2017,Channel B,1796,199,0.110801782,83.57,16630,15,2495,7,,Q3,4,27,2017,bw14,na
7/7/2017,Channel D,5017,601,0.119792705,65.91,39612,19,7526,7,,Q3,4,27,2017,bw14,na
7/7/2017,Channel A,2368,569,0.240287162,61.6,35050,10,3505,7,,Q3,4,27,2017,bw14,na
7/8/2017,Channel C,3001,245,0.081639454,62.08,15210,11,1673,7,,Q3,5,27,2017,bw14,na
7/8/2017,Channel A,1330,278,0.209022556,61.5,17097,5,855,7,,Q3,5,27,2017,bw14,na
7/8/2017,Channel B,1154,93,0.080589255,84.2,7831,26,2036,7,,Q3,5,27,2017,bw14,na
7/8/2017,Channel D,2949,264,0.089521872,67.42,17799,18,3204,7,,Q3,5,27,2017,bw14,na
7/9/2017,Channel A,1414,311,0.219943423,59.71,18570,9,1671,7,,Q3,6,27,2017,bw14,na
7/9/2017,Channel B,1062,80,0.075329567,82.82,6626,15,994,7,,Q3,6,27,2017,bw14,na
7/9/2017,Channel C,1464,177,0.120901639,60.41,10693,8,855,7,,Q3,6,27,2017,bw14,na
7/9/2017,Channel D,2707,253,0.093461396,63.83,16149,14,2261,7,,Q3,6,27,2017,bw14,na
7/10/2017,Channel C,7914,738,0.093252464,50.05,36937,12,4432,7,,Q3,0,28,2017,bw14,na
7/10/2017,Channel D,5590,747,0.133631485,64.17,47935,16,7670,7,,Q3,0,28,2017,bw14,na
7/10/2017,Channel A,3219,763,0.237030134,60.71,46322,5,2316,7,,Q3,0,28,2017,bw14,na
7/10/2017,Channel B,1837,178,0.096897115,80.54,14336,23,3297,7,,Q3,0,28,2017,bw14,na
7/11/2017,Channel A,2963,715,0.241309484,61.53,43994,8,3520,7,,Q3,1,28,2017,bw14,na
7/11/2017,Channel D,5450,717,0.131559633,64.96,46576,20,9315,7,,Q3,1,28,2017,bw14,na
7/11/2017,Channel C,5496,557,0.101346434,54.7,30468,7,2133,7,,Q3,1,28,2017,bw14,na
7/11/2017,Channel B,1878,217,0.115548456,82.92,17994,29,5218,7,,Q3,1,28,2017,bw14,na
7/12/2017,Channel D,5588,675,0.12079456,64.07,43247,15,6487,7,,Q3,2,28,2017,bw14,na
7/12/2017,Channel C,6026,568,0.094258214,51.26,29116,8,2329,7,,Q3,2,28,2017,bw14,na
7/12/2017,Channel B,1872,201,0.107371795,88.21,17730,33,5851,7,,Q3,2,28,2017,bw14,na
7/12/2017,Channel A,2806,642,0.228795438,61.23,39310,5,1965,7,,Q3,2,28,2017,bw14,na
7/13/2017,Channel A,2749,621,0.225900327,62.81,39005,7,2730,7,,Q3,3,28,2017,bw14,na
7/13/2017,Channel B,1851,210,0.113452188,84.53,17751,20,3550,7,,Q3,3,28,2017,bw14,na
7/13/2017,Channel D,5682,707,0.124428018,64.97,45934,20,9187,7,,Q3,3,28,2017,bw14,na
7/13/2017,Channel C,5598,485,0.086638085,57.31,27795,7,1946,7,,Q3,3,28,2017,bw14,na
7/14/2017,Channel A,2323,538,0.231597073,63.68,34260,9,3083,7,,Q3,4,28,2017,bw14,na
7/14/2017,Channel D,4854,634,0.130613927,66.63,42243,15,6337,7,,Q3,4,28,2017,bw14,na
7/14/2017,Channel C,3022,238,0.078755791,61.78,14704,10,1470,7,,Q3,4,28,2017,bw14,na
7/14/2017,Channel B,1650,172,0.104242424,84.83,14591,19,2772,7,,Q3,4,28,2017,bw14,na
7/15/2017,Channel A,1357,273,0.201179071,61.81,16874,8,1350,7,,Q3,5,28,2017,bw14,na
7/15/2017,Channel C,3699,236,0.063801027,57.51,13572,9,1222,7,,Q3,5,28,2017,bw14,na
7/15/2017,Channel B,1112,82,0.073741007,85.75,7032,29,2039,7,,Q3,5,28,2017,bw14,na
7/15/2017,Channel D,2651,251,0.094681252,67.29,16890,19,3209,7,,Q3,5,28,2017,bw14,na
7/16/2017,Channel D,2421,281,0.116067741,62.86,17664,13,2296,7,,Q3,6,28,2017,bw14,na
7/16/2017,Channel C,1503,144,0.095808383,56.62,8153,10,815,7,,Q3,6,28,2017,bw14,na
7/16/2017,Channel B,1024,77,0.075195313,81.91,6307,24,1514,7,,Q3,6,28,2017,bw14,na
7/16/2017,Channel A,1418,300,0.211565585,58.95,17685,3,531,7,,Q3,6,28,2017,bw14,na
7/17/2017,Channel A,2976,729,0.244959677,61.4,44761,5,2238,7,,Q3,0,29,2017,bw15,na
7/17/2017,Channel D,5377,793,0.147480007,64.56,51196,20,10239,7,,Q3,0,29,2017,bw15,na
7/17/2017,Channel C,5837,569,0.097481583,52.45,29844,5,1492,7,,Q3,0,29,2017,bw15,na
7/17/2017,Channel B,1724,181,0.104988399,78.92,14285,30,4285,7,,Q3,0,29,2017,bw15,na
7/18/2017,Channel D,5314,787,0.14809936,64.9,51076,19,9704,7,,Q3,1,29,2017,bw15,na
7/18/2017,Channel C,3834,348,0.090766823,57.52,20017,10,2002,7,,Q3,1,29,2017,bw15,na
7/18/2017,Channel B,1849,211,0.114115738,83.22,17559,24,4214,7,,Q3,1,29,2017,bw15,na
7/18/2017,Channel A,2828,656,0.231966054,62.07,40718,10,4072,7,,Q3,1,29,2017,bw15,na
7/19/2017,Channel B,2028,180,0.088757396,78.81,14186,17,2412,7,,Q3,2,29,2017,bw15,na
7/19/2017,Channel C,5665,479,0.084554281,54.57,26139,10,2614,7,,Q3,2,29,2017,bw15,na
7/19/2017,Channel A,2969,636,0.21421354,61.28,38974,9,3508,7,,Q3,2,29,2017,bw15,na
7/19/2017,Channel D,5668,720,0.127028934,65.75,47340,10,4734,7,,Q3,2,29,2017,bw15,na
7/20/2017,Channel A,2603,607,0.23319247,63.82,38739,6,2324,7,,Q3,3,29,2017,bw15,na
7/20/2017,Channel C,5806,506,0.087151223,59.14,29925,7,2095,7,,Q3,3,29,2017,bw15,na
7/20/2017,Channel B,1765,201,0.11388102,84.93,17071,16,2731,7,,Q3,3,29,2017,bw15,na
7/20/2017,Channel D,5345,722,0.135079514,67.61,48814,19,9275,7,,Q3,3,29,2017,bw15,na
7/21/2017,Channel D,4802,605,0.125989171,66.55,40263,14,5637,7,,Q3,4,29,2017,bw15,na
7/21/2017,Channel C,2896,237,0.081837017,61.22,14509,11,1596,7,,Q3,4,29,2017,bw15,na
7/21/2017,Channel B,1628,177,0.108722359,84.67,14987,16,2398,7,,Q3,4,29,2017,bw15,na
7/21/2017,Channel A,2134,492,0.230552952,63.73,31355,6,1881,7,,Q3,4,29,2017,bw15,na
7/22/2017,Channel B,1113,97,0.087151842,85.71,8314,22,1829,7,,Q3,5,29,2017,bw15,na
7/22/2017,Channel C,5804,383,0.065988973,60.04,22995,11,2529,7,,Q3,5,29,2017,bw15,na
7/22/2017,Channel A,1322,262,0.198184569,63.29,16582,5,829,7,,Q3,5,29,2017,bw15,na
7/22/2017,Channel D,2797,238,0.085091169,61.93,14739,13,1916,7,,Q3,5,29,2017,bw15,na
7/23/2017,Channel D,2664,283,0.106231231,66.45,18805,17,3197,7,,Q3,6,29,2017,bw15,na
7/23/2017,Channel C,1912,206,0.107740586,57.24,11791,5,590,7,,Q3,6,29,2017,bw15,na
7/23/2017,Channel B,1061,83,0.078228087,89.08,7394,24,1774,7,,Q3,6,29,2017,bw15,na
7/23/2017,Channel A,1384,288,0.208092486,59.4,17107,3,513,7,,Q3,6,29,2017,bw15,na
7/24/2017,Channel D,5696,768,0.134831461,64.59,49605,15,7441,7,,Q3,0,30,2017,bw15,na
7/24/2017,Channel C,6523,666,0.102100261,51.93,34585,6,2075,7,,Q3,0,30,2017,bw15,na
7/24/2017,Channel B,1849,199,0.107625744,82.78,16473,23,3789,7,,Q3,0,30,2017,bw15,na
7/24/2017,Channel A,2653,672,0.253298153,61.32,41207,7,2884,7,,Q3,0,30,2017,bw15,na
7/25/2017,Channel A,2619,654,0.249713631,61.63,40306,6,2418,7,,Q3,1,30,2017,bw15,na
7/25/2017,Channel B,1978,228,0.115267947,82.94,18910,24,4538,7,,Q3,1,30,2017,bw15,na
7/25/2017,Channel C,3238,373,0.115194565,56.9,21224,8,1698,7,,Q3,1,30,2017,bw15,na
7/25/2017,Channel D,5630,749,0.1330373,65.87,49337,16,7894,7,,Q3,1,30,2017,bw15,na
7/26/2017,Channel D,5647,732,0.12962635,65.37,47851,16,7656,7,,Q3,2,30,2017,bw15,na
7/26/2017,Channel C,5679,558,0.098256735,54.55,30439,9,2740,7,,Q3,2,30,2017,bw15,na
7/26/2017,Channel B,2201,248,0.112676056,78.59,19490,18,3508,7,,Q3,2,30,2017,bw15,na
7/26/2017,Channel A,2796,712,0.254649499,60.99,43425,9,3908,7,,Q3,2,30,2017,bw15,na
7/27/2017,Channel D,5451,705,0.129334067,65.33,46058,16,7369,7,,Q3,3,30,2017,bw15,na
7/27/2017,Channel C,6626,683,0.103078781,58.57,40003,5,2000,7,,Q3,3,30,2017,bw15,na
7/27/2017,Channel B,1870,224,0.119786096,82.87,18563,33,6126,7,,Q3,3,30,2017,bw15,na
7/27/2017,Channel A,2531,612,0.241801659,61.89,37877,8,3030,7,,Q3,3,30,2017,bw15,na
7/28/2017,Channel A,2265,526,0.232229581,62.78,33022,8,2642,7,,Q3,4,30,2017,bw15,na
7/28/2017,Channel D,4714,557,0.118158676,66,36762,14,5147,7,,Q3,4,30,2017,bw15,na
7/28/2017,Channel C,3156,302,0.095690748,58.46,17655,11,1942,7,,Q3,4,30,2017,bw15,na
7/28/2017,Channel B,1647,180,0.109289617,83.05,14949,19,2840,7,,Q3,4,30,2017,bw15,na
7/29/2017,Channel B,1123,100,0.089047195,84.2,8420,23,1937,7,,Q3,5,30,2017,bw15,na
7/29/2017,Channel C,3465,266,0.076767677,60.19,16011,8,1281,7,,Q3,5,30,2017,bw15,na
7/29/2017,Channel A,1441,299,0.207494795,62.54,18699,4,748,7,,Q3,5,30,2017,bw15,na
7/29/2017,Channel D,2827,258,0.091262823,63.66,16424,19,3121,7,,Q3,5,30,2017,bw15,na
7/30/2017,Channel A,1468,320,0.217983651,61.63,19722,4,789,7,,Q3,6,30,2017,bw15,na
7/30/2017,Channel C,1642,197,0.119975639,58.3,11485,11,1263,7,,Q3,6,30,2017,bw15,na
7/30/2017,Channel B,987,80,0.081053698,79.71,6377,26,1658,7,,Q3,6,30,2017,bw15,na
7/30/2017,Channel D,2746,276,0.100509832,63.22,17449,13,2268,7,,Q3,6,30,2017,bw15,na
7/31/2017,Channel D,5584,772,0.138252149,64.24,49593,12,5951,7,,Q3,0,31,2017,bw16,na
7/31/2017,Channel C,6126,603,0.098432909,56.45,34039,7,2383,7,,Q3,0,31,2017,bw16,na
7/31/2017,Channel B,1754,206,0.117445838,81,16686,33,5506,7,,Q3,0,31,2017,bw16,na
7/31/2017,Channel A,3049,772,0.25319777,60.89,47007,7,3290,7,,Q3,0,31,2017,bw16,na
8/1/2017,Channel B,1853,216,0.116567728,78.27,16906,25,4227,8,,Q3,1,31,2017,bw16,na
8/1/2017,Channel C,3381,351,0.103815439,58.87,20663,12,2480,8,,Q3,1,31,2017,bw16,na
8/1/2017,Channel A,2915,755,0.259005146,62.82,47429,6,2846,8,,Q3,1,31,2017,bw16,na
8/1/2017,Channel D,5812,787,0.135409498,63.5,49974,14,6996,8,,Q3,1,31,2017,bw16,na
8/2/2017,Channel D,5728,739,0.129015363,64.72,47828,12,5739,8,,Q3,2,31,2017,bw16,na
8/2/2017,Channel C,5673,525,0.092543628,56.33,29573,10,2957,8,,Q3,2,31,2017,bw16,na
8/2/2017,Channel B,2425,257,0.105979381,79.89,20532,17,3490,8,,Q3,2,31,2017,bw16,na
8/2/2017,Channel A,2879,720,0.250086836,61.94,44597,8,3568,8,,Q3,2,31,2017,bw16,na
8/3/2017,Channel A,2658,626,0.235515425,63.92,40014,5,2001,8,,Q3,3,31,2017,bw16,na
8/3/2017,Channel D,5595,720,0.128686327,67.09,48305,20,9661,8,,Q3,3,31,2017,bw16,na
8/3/2017,Channel C,6421,596,0.092820433,59.31,35349,6,2121,8,,Q3,3,31,2017,bw16,na
8/3/2017,Channel B,1905,234,0.122834646,84.8,19843,26,5159,8,,Q3,3,31,2017,bw16,na
8/4/2017,Channel A,2316,551,0.23791019,65.05,35843,5,1792,8,,Q3,4,31,2017,bw16,na
8/4/2017,Channel B,1640,190,0.115853659,81.95,15570,20,3114,8,,Q3,4,31,2017,bw16,na
8/4/2017,Channel C,3184,302,0.094849246,61.07,18443,5,922,8,,Q3,4,31,2017,bw16,na
8/4/2017,Channel D,4770,579,0.121383648,67.76,39233,12,4708,8,,Q3,4,31,2017,bw16,na
8/5/2017,Channel D,2783,282,0.101329501,65.42,18448,12,2214,8,,Q3,5,31,2017,bw16,na
8/5/2017,Channel C,4173,333,0.079798706,58.19,19377,5,969,8,,Q3,5,31,2017,bw16,na
8/5/2017,Channel B,1123,95,0.084594835,81.47,7740,15,1161,8,,Q3,5,31,2017,bw16,na
8/5/2017,Channel A,1299,283,0.217859892,60.2,17037,9,1533,8,,Q3,5,31,2017,bw16,na
8/6/2017,Channel B,1040,89,0.085576923,80.27,7144,18,1286,8,,Q3,6,31,2017,bw16,na
8/6/2017,Channel C,1719,193,0.112274578,59.56,11495,5,575,8,,Q3,6,31,2017,bw16,na
8/6/2017,Channel A,1418,347,0.24471086,58.83,20414,5,1021,8,,Q3,6,31,2017,bw16,na
8/6/2017,Channel D,2614,279,0.106732976,62.69,17491,11,1924,8,,Q3,6,31,2017,bw16,na
8/7/2017,Channel D,5488,790,0.143950437,64.98,51334,13,6673,8,,Q3,0,32,2017,bw16,na
8/7/2017,Channel C,6719,700,0.10418217,51.26,35882,7,2512,8,,Q3,0,32,2017,bw16,na
8/7/2017,Channel B,1770,198,0.111864407,79.65,15771,21,3312,8,,Q3,0,32,2017,bw16,na
8/7/2017,Channel A,3151,821,0.260552206,61.8,50738,8,4059,8,,Q3,0,32,2017,bw16,na
8/8/2017,Channel D,5526,754,0.136445892,65.53,49410,17,8400,8,,Q3,1,32,2017,bw16,na
8/8/2017,Channel C,3692,414,0.112134345,56.63,23445,9,2110,8,,Q3,1,32,2017,bw16,na
8/8/2017,Channel B,1867,208,0.111408677,78.98,16428,32,5257,8,,Q3,1,32,2017,bw16,na
8/8/2017,Channel A,2910,733,0.251890034,60.81,44574,5,2229,8,,Q3,1,32,2017,bw16,na
8/9/2017,Channel A,2877,725,0.25199861,61.77,44783,6,2687,8,,Q3,2,32,2017,bw16,na
8/9/2017,Channel B,1933,212,0.109674082,81.06,17185,21,3609,8,,Q3,2,32,2017,bw16,na
8/9/2017,Channel C,6281,585,0.093138035,53.63,31374,12,3765,8,,Q3,2,32,2017,bw16,na
8/9/2017,Channel D,5371,736,0.13703221,64.3,47325,14,6625,8,,Q3,2,32,2017,bw16,na
8/10/2017,Channel D,5170,663,0.128239845,66.23,43910,16,7026,8,,Q3,3,32,2017,bw16,na
8/10/2017,Channel C,5720,504,0.088111888,61.46,30976,7,2168,8,,Q3,3,32,2017,bw16,na
8/10/2017,Channel B,1916,228,0.118997912,82.67,18849,33,6220,8,,Q3,3,32,2017,bw16,na
8/10/2017,Channel A,2800,708,0.252857143,63.19,44739,10,4474,8,,Q3,3,32,2017,bw16,na
8/11/2017,Channel D,4839,630,0.130192188,65.82,41467,20,8293,8,,Q3,4,32,2017,bw16,na
8/11/2017,Channel C,3516,320,0.091012514,61.92,19814,7,1387,8,,Q3,4,32,2017,bw16,na
8/11/2017,Channel B,1744,210,0.120412844,85.43,17940,30,5382,8,,Q3,4,32,2017,bw16,na
8/11/2017,Channel A,2374,586,0.246840775,63.7,37328,9,3360,8,,Q3,4,32,2017,bw16,na
8/12/2017,Channel D,2827,273,0.096568801,63.87,17437,15,2615,8,,Q3,5,32,2017,bw16,na
8/12/2017,Channel C,3831,282,0.073610023,60.06,16937,7,1186,8,,Q3,5,32,2017,bw16,na
8/12/2017,Channel B,1119,96,0.085790885,82.58,7928,30,2378,8,,Q3,5,32,2017,bw16,na
8/12/2017,Channel A,1293,286,0.221191029,59.1,16903,3,507,8,,Q3,5,32,2017,bw16,na
8/13/2017,Channel A,1429,322,0.2253324,60.64,19526,3,586,8,,Q3,6,32,2017,bw16,na
8/13/2017,Channel B,1043,81,0.077660594,86.41,6999,20,1400,8,,Q3,6,32,2017,bw16,na
8/13/2017,Channel C,1688,190,0.112559242,60.89,11569,12,1388,8,,Q3,6,32,2017,bw16,na
8/13/2017,Channel D,2718,297,0.109271523,64.61,19189,12,2303,8,,Q3,6,32,2017,bw16,na
8/14/2017,Channel D,5629,750,0.133238586,64.87,48652,19,9244,8,,Q3,0,33,2017,bw17,na
8/14/2017,Channel C,6628,589,0.088865419,55.95,32955,6,1977,8,,Q3,0,33,2017,bw17,na
8/14/2017,Channel B,1884,218,0.115711253,76.75,16732,31,5187,8,,Q3,0,33,2017,bw17,na
8/14/2017,Channel A,3047,794,0.260584181,60.54,48069,3,1442,8,,Q3,0,33,2017,bw17,na
8/15/2017,Channel D,5831,841,0.14422912,63.44,53353,10,5335,8,,Q3,1,33,2017,bw17,na
8/15/2017,Channel C,3535,373,0.105516266,59.99,22376,6,1343,8,,Q3,1,33,2017,bw17,na
8/15/2017,Channel B,1894,249,0.131467793,72.9,18152,15,2723,8,,Q3,1,33,2017,bw17,na
8/15/2017,Channel A,2950,749,0.253898305,61.17,45816,8,3665,8,,Q3,1,33,2017,bw17,na
8/16/2017,Channel D,5673,790,0.139256126,64.51,50963,18,9173,8,,Q3,2,33,2017,bw17,na
8/16/2017,Channel C,6280,512,0.081528662,56.99,29179,9,2626,8,,Q3,2,33,2017,bw17,na
8/16/2017,Channel B,2372,299,0.126053963,72.58,21701,15,3255,8,,Q3,2,33,2017,bw17,na
8/16/2017,Channel A,3192,783,0.245300752,62.32,48797,5,2440,8,,Q3,2,33,2017,bw17,na
8/17/2017,Channel B,2136,300,0.140449438,78.23,23469,16,3755,8,,Q3,3,33,2017,bw17,na
8/17/2017,Channel C,5825,580,0.099570815,62.89,36476,8,2918,8,,Q3,3,33,2017,bw17,na
8/17/2017,Channel A,2860,702,0.245454545,61.76,43356,8,3468,8,,Q3,3,33,2017,bw17,na
8/17/2017,Channel D,5676,753,0.132663848,64.31,48425,19,9201,8,,Q3,3,33,2017,bw17,na
8/18/2017,Channel B,1845,236,0.127913279,75.28,17766,25,4442,8,,Q3,4,33,2017,bw17,na
8/18/2017,Channel C,3237,311,0.096076614,62.95,19577,9,1762,8,,Q3,4,33,2017,bw17,na
8/18/2017,Channel A,2413,601,0.249067551,63.38,38091,9,3428,8,,Q3,4,33,2017,bw17,na
8/18/2017,Channel D,4956,637,0.128531073,67,42679,10,4268,8,,Q3,4,33,2017,bw17,na
8/19/2017,Channel A,1401,319,0.227694504,59.26,18904,3,567,8,,Q3,5,33,2017,bw17,na
8/19/2017,Channel C,3961,309,0.078010603,62.12,19195,10,1920,8,,Q3,5,33,2017,bw17,na
8/19/2017,Channel B,1070,98,0.091588785,75.73,7422,15,1113,8,,Q3,5,33,2017,bw17,na
8/19/2017,Channel D,2939,309,0.105137802,62.41,19285,12,2314,8,,Q3,5,33,2017,bw17,na
8/20/2017,Channel D,2935,324,0.110391823,63.45,20558,16,3289,8,,Q3,6,33,2017,bw17,na
8/20/2017,Channel C,1731,203,0.117273252,61.34,12452,9,1121,8,,Q3,6,33,2017,bw17,na
8/20/2017,Channel B,1025,118,0.115121951,72.75,8584,21,1803,8,,Q3,6,33,2017,bw17,na
8/20/2017,Channel A,1591,380,0.238843495,60.04,22815,8,1825,8,,Q3,6,33,2017,bw17,na
8/21/2017,Channel B,1763,239,0.135564379,74.52,17810,29,5165,8,,Q3,0,34,2017,bw17,na
8/21/2017,Channel C,7932,805,0.101487645,50.96,41023,8,3282,8,,Q3,0,34,2017,bw17,na
8/21/2017,Channel A,3094,793,0.256302521,60.7,48135,8,3851,8,,Q3,0,34,2017,bw17,na
8/21/2017,Channel D,5522,798,0.144512858,63.54,50705,20,10141,8,,Q3,0,34,2017,bw17,na
8/22/2017,Channel D,5840,844,0.144520548,63.92,53948,13,7013,8,,Q3,1,34,2017,bw17,na
8/22/2017,Channel C,3865,405,0.104786546,58.79,23810,6,1429,8,,Q3,1,34,2017,bw17,na
8/22/2017,Channel B,2184,264,0.120879121,76.85,20288,34,6898,8,,Q3,1,34,2017,bw17,na
8/22/2017,Channel A,3368,835,0.247921615,61.9,51686,5,2584,8,,Q3,1,34,2017,bw17,na
8/23/2017,Channel A,3504,845,0.241152968,60.96,51511,7,3606,8,,Q3,2,34,2017,bw17,na
8/23/2017,Channel D,5823,828,0.142194745,65.56,54284,13,7057,8,,Q3,2,34,2017,bw17,na
8/23/2017,Channel C,6890,640,0.092888244,51.82,33165,7,2322,8,,Q3,2,34,2017,bw17,na
8/23/2017,Channel B,2061,287,0.13925279,77.22,22162,16,3546,8,,Q3,2,34,2017,bw17,na
8/24/2017,Channel A,3137,768,0.244819892,62.65,48115,7,3368,8,,Q3,3,34,2017,bw17,na
8/24/2017,Channel B,1972,251,0.127281947,78.34,19663,35,6882,8,,Q3,3,34,2017,bw17,na
8/24/2017,Channel C,6789,627,0.092355281,61.08,38297,7,2681,8,,Q3,3,34,2017,bw17,na
8/24/2017,Channel D,5604,747,0.133297645,66.78,49885,12,5986,8,,Q3,3,34,2017,bw17,na
8/25/2017,Channel D,4842,664,0.137133416,65.46,43465,14,6085,8,,Q3,4,34,2017,bw17,na
8/25/2017,Channel C,3864,359,0.092908903,57.94,20800,8,1664,8,,Q3,4,34,2017,bw17,na
8/25/2017,Channel B,1678,191,0.113825983,76.31,14575,21,3061,8,,Q3,4,34,2017,bw17,na
8/25/2017,Channel A,2547,640,0.251276011,62.96,40294,3,1209,8,,Q3,4,34,2017,bw17,na
8/26/2017,Channel B,1050,108,0.102857143,76.57,8270,25,2067,8,,Q3,5,34,2017,bw17,na
8/26/2017,Channel C,3543,265,0.074795371,59.88,15868,6,952,8,,Q3,5,34,2017,bw17,na
8/26/2017,Channel A,1486,326,0.219380888,60.18,19619,7,1373,8,,Q3,5,34,2017,bw17,na
8/26/2017,Channel D,2760,251,0.090942029,61.8,15512,18,2792,8,,Q3,5,34,2017,bw17,na
8/27/2017,Channel D,2761,335,0.12133285,64.24,21520,19,4089,8,,Q3,6,34,2017,bw17,na
8/27/2017,Channel C,1747,195,0.11161992,60.75,11846,6,711,8,,Q3,6,34,2017,bw17,na
8/27/2017,Channel B,583,74,0.126929674,61.24,4532,23,1042,8,,Q3,6,34,2017,bw17,na
8/27/2017,Channel A,1654,391,0.236396614,60.26,23562,10,2356,8,,Q3,6,34,2017,bw17,na
8/28/2017,Channel A,3126,828,0.26487524,59.81,49523,7,3467,8,,Q3,0,35,2017,bw18,na
8/28/2017,Channel D,5579,792,0.141960925,64.18,50831,18,9150,8,,Q3,0,35,2017,bw18,na
8/28/2017,Channel C,6267,607,0.09685655,58.3,35388,5,1769,8,,Q3,0,35,2017,bw18,na
8/28/2017,Channel B,1581,207,0.130929791,72.47,15001,16,2400,8,,Q3,0,35,2017,bw18,na
8/29/2017,Channel A,3120,761,0.243910256,61.89,47098,4,1884,8,,Q3,1,35,2017,bw18,na
8/29/2017,Channel B,1739,231,0.132834963,72.36,16715,35,5850,8,,Q3,1,35,2017,bw18,na
8/29/2017,Channel C,6277,566,0.090170464,56.27,31849,11,3503,8,,Q3,1,35,2017,bw18,na
8/29/2017,Channel D,5556,777,0.139848812,65.16,50629,14,7088,8,,Q3,1,35,2017,bw18,na
8/30/2017,Channel D,5412,733,0.135439763,66.06,48422,18,8716,8,,Q3,2,35,2017,bw18,na
8/30/2017,Channel C,6065,646,0.106512778,57.31,37022,8,2962,8,,Q3,2,35,2017,bw18,na
8/30/2017,Channel B,3106,268,0.08628461,73.68,19746,21,4147,8,,Q3,2,35,2017,bw18,na
8/30/2017,Channel A,3005,734,0.244259567,62.28,45714,6,2743,8,,Q3,2,35,2017,bw18,na
8/31/2017,Channel B,1897,254,0.133895625,73.33,18626,21,3911,8,,Q3,3,35,2017,bw18,na
8/31/2017,Channel C,5698,618,0.108459108,61.69,38124,5,1906,8,,Q3,3,35,2017,bw18,na
8/31/2017,Channel A,2859,695,0.24309199,62.73,43597,10,4360,8,,Q3,3,35,2017,bw18,na
8/31/2017,Channel D,5364,708,0.131991051,66.66,47195,10,4720,8,,Q3,3,35,2017,bw18,na
9/1/2017,Channel D,4793,642,0.133945337,66,42372,20,8474,9,,Q3,4,35,2017,bw18,na
9/1/2017,Channel C,3421,301,0.087985969,60.94,18343,11,2018,9,,Q3,4,35,2017,bw18,na
9/1/2017,Channel B,1589,199,0.125235997,72.78,14483,20,2897,9,,Q3,4,35,2017,bw18,na
9/1/2017,Channel A,2336,554,0.237157534,62.64,34703,3,1041,9,,Q3,4,35,2017,bw18,na
9/2/2017,Channel A,1361,284,0.208670096,59.27,16833,8,1347,9,,Q3,5,35,2017,bw18,na
9/2/2017,Channel D,2701,275,0.101814143,63.7,17518,20,3504,9,,Q3,5,35,2017,bw18,na
9/2/2017,Channel C,1843,156,0.084644601,60.66,9463,7,662,9,,Q3,5,35,2017,bw18,na
9/2/2017,Channel B,1025,91,0.088780488,71.99,6551,28,1834,9,,Q3,5,35,2017,bw18,na
9/3/2017,Channel A,1320,279,0.211363636,60.21,16799,10,1680,9,,Q3,6,35,2017,bw18,na
9/3/2017,Channel B,894,84,0.093959732,76,6384,23,1468,9,,Q3,6,35,2017,bw18,na
9/3/2017,Channel C,1250,125,0.1,56.79,7099,10,710,9,,Q3,6,35,2017,bw18,na
9/3/2017,Channel D,2351,232,0.098681412,61.3,14222,18,2560,9,,Q3,6,35,2017,bw18,na
9/4/2017,Channel D,3142,408,0.129853596,64.13,26165,13,3401,9,,Q3,0,36,2017,bw18,na
9/4/2017,Channel C,1656,160,0.096618357,58.61,9378,10,938,9,,Q3,0,36,2017,bw18,na
9/4/2017,Channel B,982,145,0.147657841,71.67,10392,23,2390,9,,Q3,0,36,2017,bw18,na
9/4/2017,Channel A,1931,449,0.232522009,61.47,27600,4,1104,9,,Q3,0,36,2017,bw18,na
9/5/2017,Channel B,1827,262,0.143404488,77.19,20224,29,5865,9,,Q3,1,36,2017,bw18,na
9/5/2017,Channel C,6212,596,0.095943335,55.97,33358,8,2669,9,,Q3,1,36,2017,bw18,na
9/5/2017,Channel A,3138,830,0.264499681,61.72,51228,6,3074,9,,Q3,1,36,2017,bw18,na
9/5/2017,Channel D,5674,835,0.147162496,64.62,53958,10,5396,9,,Q3,1,36,2017,bw18,na
9/6/2017,Channel D,5513,761,0.138037366,66.01,50234,13,6530,9,,Q3,2,36,2017,bw18,na
9/6/2017,Channel C,5666,515,0.090893046,58.69,30225,7,2116,9,,Q3,2,36,2017,bw18,na
9/6/2017,Channel B,1937,265,0.136809499,77.19,20455,26,5318,9,,Q3,2,36,2017,bw18,na
9/6/2017,Channel A,3072,761,0.247721354,61.59,46870,5,2343,9,,Q3,2,36,2017,bw18,na
9/7/2017,Channel D,5592,777,0.138948498,65.28,50723,16,8116,9,,Q3,3,36,2017,bw18,na
9/7/2017,Channel C,5754,521,0.090545707,61.41,31995,12,3839,9,,Q3,3,36,2017,bw18,na
9/7/2017,Channel B,1928,285,0.147821577,77.89,22199,22,4884,9,,Q3,3,36,2017,bw18,na
9/7/2017,Channel A,2937,708,0.241062308,63.86,45213,3,1356,9,,Q3,3,36,2017,bw18,na
9/8/2017,Channel A,2336,605,0.258989726,62.02,37522,7,2627,9,,Q3,4,36,2017,bw18,na
9/8/2017,Channel B,1555,217,0.139549839,75.28,16336,26,4247,9,,Q3,4,36,2017,bw18,na
9/8/2017,Channel C,4180,343,0.082057416,62.24,21348,12,2562,9,,Q3,4,36,2017,bw18,na
9/8/2017,Channel D,4649,616,0.132501613,67.49,41574,13,5405,9,,Q3,4,36,2017,bw18,na
9/9/2017,Channel D,2610,253,0.096934866,66.02,16703,13,2171,9,,Q3,5,36,2017,bw18,na
9/9/2017,Channel C,3034,241,0.079433092,62.53,15070,10,1507,9,,Q3,5,36,2017,bw18,na
9/9/2017,Channel B,1024,107,0.104492188,73.61,7876,20,1575,9,,Q3,5,36,2017,bw18,na
9/9/2017,Channel A,1350,309,0.228888889,61.41,18976,3,569,9,,Q3,5,36,2017,bw18,na
9/10/2017,Channel D,2616,299,0.114296636,65.06,19453,11,2140,9,,Q3,6,36,2017,bw18,na
9/10/2017,Channel C,1512,179,0.118386243,63.02,11281,7,790,9,,Q3,6,36,2017,bw18,na
9/10/2017,Channel B,901,101,0.112097669,72.82,7355,28,2059,9,,Q3,6,36,2017,bw18,na
9/10/2017,Channel A,1375,309,0.224727273,59.41,18358,8,1469,9,,Q3,6,36,2017,bw18,na
9/11/2017,Channel D,5391,772,0.143201632,64.61,49879,20,9976,9,,Q3,0,37,2017,bw19,na
9/11/2017,Channel C,5275,527,0.099905213,61.52,32421,6,1945,9,,Q3,0,37,2017,bw19,na
9/11/2017,Channel B,1697,216,0.127283441,74.75,16146,32,5167,9,,Q3,0,37,2017,bw19,na
9/11/2017,Channel A,2885,718,0.248873484,60.49,43432,3,1303,9,,Q3,0,37,2017,bw19,na
9/12/2017,Channel A,2867,690,0.24066969,62.72,43277,4,1731,9,,Q3,1,37,2017,bw19,na
9/12/2017,Channel C,3261,326,0.099969335,60.53,19733,11,2171,9,,Q3,1,37,2017,bw19,na
9/12/2017,Channel B,1873,241,0.128670582,74.53,17962,20,3592,9,,Q3,1,37,2017,bw19,na
9/12/2017,Channel D,5481,712,0.129903302,64.74,46095,12,5531,9,,Q3,1,37,2017,bw19,na
9/13/2017,Channel D,5671,748,0.131899136,65.45,48957,19,9302,9,,Q3,2,37,2017,bw19,na
9/13/2017,Channel C,5125,526,0.102634146,63.46,33380,6,2003,9,,Q3,2,37,2017,bw19,na
9/13/2017,Channel B,2386,291,0.121961442,77.02,22413,29,6500,9,,Q3,2,37,2017,bw19,na
9/13/2017,Channel A,3586,757,0.211098717,62.77,47517,3,1426,9,,Q3,2,37,2017,bw19,na
9/14/2017,Channel B,2131,304,0.14265603,77.48,23554,29,6831,9,,Q3,3,37,2017,bw19,na
9/14/2017,Channel D,5859,801,0.13671275,65.9,52786,12,6334,9,,Q3,3,37,2017,bw19,na
9/14/2017,Channel C,5683,498,0.087629773,61.42,30587,5,1529,9,,Q3,3,37,2017,bw19,na
9/14/2017,Channel A,3399,766,0.2253604,63.67,48771,8,3902,9,,Q3,3,37,2017,bw19,na
9/15/2017,Channel D,5348,769,0.143792072,66.31,50992,20,10198,9,,Q3,4,37,2017,bw19,na
9/15/2017,Channel C,3346,304,0.090854752,62.47,18991,11,2089,9,,Q3,4,37,2017,bw19,na
9/15/2017,Channel B,1927,264,0.137000519,81.36,21479,31,6659,9,,Q3,4,37,2017,bw19,na
9/15/2017,Channel A,2734,649,0.237381127,64.1,41601,7,2912,9,,Q3,4,37,2017,bw19,na
9/16/2017,Channel D,3090,343,0.111003236,65.29,22394,20,4479,9,,Q3,5,37,2017,bw19,na
9/16/2017,Channel C,3449,262,0.075964048,62.85,16467,5,823,9,,Q3,5,37,2017,bw19,na
9/16/2017,Channel A,1504,330,0.219414894,60.83,20074,10,2007,9,,Q3,5,37,2017,bw19,na
9/16/2017,Channel B,1164,133,0.114261168,76.68,10198,27,2754,9,,Q3,5,37,2017,bw19,na
9/17/2017,Channel A,1724,401,0.232598608,60.88,24413,10,2441,9,,Q3,6,37,2017,bw19,na
9/17/2017,Channel B,1131,144,0.127320955,71.96,10362,16,1658,9,,Q3,6,37,2017,bw19,na
9/17/2017,Channel C,1635,183,0.111926606,60.93,11150,9,1004,9,,Q3,6,37,2017,bw19,na
9/17/2017,Channel D,3076,368,0.119635891,63.3,23294,14,3261,9,,Q3,6,37,2017,bw19,na
9/18/2017,Channel D,6527,936,0.143404321,63.62,59548,14,8337,9,,Q3,0,38,2017,bw19,na
9/18/2017,Channel C,6836,687,0.100497367,55.79,38328,5,1916,9,,Q3,0,38,2017,bw19,na
9/18/2017,Channel B,2139,296,0.138382422,74.63,22090,17,3755,9,,Q3,0,38,2017,bw19,na
9/18/2017,Channel A,3600,925,0.256944444,60.57,56027,4,2241,9,,Q3,0,38,2017,bw19,na
9/19/2017,Channel D,6333,892,0.140849518,66.15,59006,10,5901,9,,Q3,1,38,2017,bw19,na
9/19/2017,Channel C,3868,390,0.100827301,59.86,23345,5,1167,9,,Q3,1,38,2017,bw19,na
9/19/2017,Channel B,2117,287,0.135569202,78,22386,30,6716,9,,Q3,1,38,2017,bw19,na
9/19/2017,Channel A,3488,850,0.243692661,62.74,53329,9,4800,9,,Q3,1,38,2017,bw19,na
9/20/2017,Channel D,6324,888,0.140417457,64.63,57391,17,9757,9,,Q3,2,38,2017,bw19,na
9/20/2017,Channel C,6572,575,0.087492392,56.92,32729,8,2618,9,,Q3,2,38,2017,bw19,na
9/20/2017,Channel B,2228,235,0.105475763,72.24,16976,35,5942,9,,Q3,2,38,2017,bw19,na
9/20/2017,Channel A,3539,845,0.238768014,62.4,52728,8,4218,9,,Q3,2,38,2017,bw19,na
9/21/2017,Channel B,2118,269,0.12700661,77.79,20926,16,3348,9,,Q3,3,38,2017,bw19,na
9/21/2017,Channel C,6941,597,0.086010661,59.42,35474,8,2838,9,,Q3,3,38,2017,bw19,na
9/21/2017,Channel A,3241,788,0.243134835,63.69,50188,10,5019,9,,Q3,3,38,2017,bw19,na
9/21/2017,Channel D,6139,822,0.133898029,66.25,54458,11,5990,9,,Q3,3,38,2017,bw19,na
9/22/2017,Channel D,5268,663,0.125854214,67.02,44434,18,7998,9,,Q3,4,38,2017,bw19,na
9/22/2017,Channel C,3641,304,0.083493546,61.94,18830,12,2260,9,,Q3,4,38,2017,bw19,na
9/22/2017,Channel B,2002,229,0.114385614,78.56,17990,19,3418,9,,Q3,4,38,2017,bw19,na
9/22/2017,Channel A,2638,613,0.23237301,63.83,39128,6,2348,9,,Q3,4,38,2017,bw19,na
9/23/2017,Channel A,1482,321,0.21659919,61.01,19584,5,979,9,,Q3,5,38,2017,bw19,na
9/23/2017,Channel C,3588,288,0.080267559,58.82,16940,12,2033,9,,Q3,5,38,2017,bw19,na
9/23/2017,Channel B,1179,101,0.085665818,77.6,7838,32,2508,9,,Q3,5,38,2017,bw19,na
9/23/2017,Channel D,3067,281,0.091620476,64.33,18077,10,1808,9,,Q3,5,38,2017,bw19,na
9/24/2017,Channel D,2928,334,0.114071038,64.26,21463,15,3219,9,,Q3,6,38,2017,bw19,na
9/24/2017,Channel C,1750,220,0.125714286,57.58,12668,7,887,9,,Q3,6,38,2017,bw19,na
9/24/2017,Channel B,1111,108,0.097209721,70.84,7651,29,2219,9,,Q3,6,38,2017,bw19,na
9/24/2017,Channel A,1712,397,0.231892523,61.02,24225,6,1453,9,,Q3,6,38,2017,bw19,na
9/25/2017,Channel C,7340,652,0.088828338,53,34556,11,3801,9,,Q3,0,39,2017,bw20,na
9/25/2017,Channel A,3700,923,0.249459459,60.16,55528,3,1666,9,,Q3,0,39,2017,bw20,na
9/25/2017,Channel D,6277,891,0.14194679,63.75,56801,18,10224,9,,Q3,0,39,2017,bw20,na
9/25/2017,Channel B,1995,286,0.143358396,77.3,22108,22,4864,9,,Q3,0,39,2017,bw20,na
9/26/2017,Channel B,2166,310,0.14312096,76.52,23721,15,3558,9,,Q3,1,39,2017,bw20,na
9/26/2017,Channel C,4356,464,0.106519743,58.16,26986,10,2699,9,,Q3,1,39,2017,bw20,na
9/26/2017,Channel A,3600,900,0.25,62.85,56565,4,2263,9,,Q3,1,39,2017,bw20,na
9/26/2017,Channel D,6128,878,0.143276762,65.76,57737,17,9815,9,,Q3,1,39,2017,bw20,na
9/27/2017,Channel B,2397,318,0.132665832,77.8,24740,19,4701,9,,Q3,2,39,2017,bw20,na
9/27/2017,Channel C,6677,637,0.095402127,52.35,33347,12,4002,9,,Q3,2,39,2017,bw20,na
9/27/2017,Channel A,3400,856,0.251764706,61.87,52961,8,4237,9,,Q3,2,39,2017,bw20,na
9/27/2017,Channel D,6046,850,0.140588819,65.96,56066,20,11213,9,,Q3,2,39,2017,bw20,na
9/28/2017,Channel A,3216,810,0.251865672,61.94,50171,7,3512,9,,Q3,3,39,2017,bw20,na
9/28/2017,Channel B,2142,300,0.140056022,76.39,22917,28,6417,9,,Q3,3,39,2017,bw20,na
9/28/2017,Channel C,5905,583,0.09872989,61.4,35796,10,3580,9,,Q3,3,39,2017,bw20,na
9/28/2017,Channel D,5949,825,0.13867877,66.94,55226,11,6075,9,,Q3,3,39,2017,bw20,na
9/29/2017,Channel D,5371,743,0.138335505,65.7,48815,14,6834,9,,Q3,4,39,2017,bw20,na
9/29/2017,Channel C,3575,341,0.095384615,61.85,21091,8,1687,9,,Q3,4,39,2017,bw20,na
9/29/2017,Channel B,1849,295,0.1595457,77.85,22966,25,5741,9,,Q3,4,39,2017,bw20,na
9/29/2017,Channel A,2676,686,0.256352765,63.51,43568,7,3050,9,,Q3,4,39,2017,bw20,na
9/30/2017,Channel B,1133,138,0.12180053,70.29,9700,33,3201,9,,Q3,5,39,2017,bw20,na
9/30/2017,Channel C,3222,269,0.083488516,58.3,15683,12,1882,9,,Q3,5,39,2017,bw20,na
9/30/2017,Channel A,1472,330,0.224184783,60.79,20061,7,1404,9,,Q3,5,39,2017,bw20,na
9/30/2017,Channel D,3048,312,0.102362205,65.7,20498,12,2460,9,,Q3,5,39,2017,bw20,na
10/1/2017,Channel D,3110,353,0.113504823,65.7,23192,15,3479,10,,Q4,6,39,2017,bw20,na
10/1/2017,Channel C,1603,199,0.124142233,58.56,11653,8,932,10,,Q4,6,39,2017,bw20,na
10/1/2017,Channel B,1119,156,0.139410188,68.78,10730,23,2468,10,,Q4,6,39,2017,bw20,na
10/1/2017,Channel A,1806,403,0.223145072,60.47,24369,9,2193,10,,Q4,6,39,2017,bw20,na
10/2/2017,Channel A,3702,938,0.253376553,62.21,58353,8,4668,10,,Q4,0,40,2017,bw20,na
10/2/2017,Channel D,6142,918,0.149462716,63.83,58596,12,7032,10,,Q4,0,40,2017,bw20,na
10/2/2017,Channel C,6504,655,0.100707257,54.67,35809,7,2507,10,,Q4,0,40,2017,bw20,na
10/2/2017,Channel B,1920,302,0.157291667,71.71,21656,34,7363,10,,Q4,0,40,2017,bw20,na
10/3/2017,Channel A,3539,876,0.24752755,61.85,54181,8,4334,10,,Q4,1,40,2017,bw20,na
10/3/2017,Channel B,1957,295,0.15074093,73.11,21567,15,3235,10,,Q4,1,40,2017,bw20,na
10/3/2017,Channel C,4318,487,0.112783696,58.65,28563,5,1428,10,,Q4,1,40,2017,bw20,na
10/3/2017,Channel D,6170,886,0.143598055,64.54,57182,13,7434,10,,Q4,1,40,2017,bw20,na
10/4/2017,Channel D,5776,739,0.127943213,64.85,47924,20,9585,10,,Q4,2,40,2017,bw20,na
10/4/2017,Channel C,5574,516,0.092572659,57.04,29433,9,2649,10,,Q4,2,40,2017,bw20,na
10/4/2017,Channel B,1891,268,0.141723956,74.51,19969,30,5991,10,,Q4,2,40,2017,bw20,na
10/4/2017,Channel A,3140,728,0.231847134,63.09,45930,4,1837,10,,Q4,2,40,2017,bw20,na
10/5/2017,Channel B,2028,300,0.147928994,74.1,22230,24,5335,10,,Q4,3,40,2017,bw20,na
10/5/2017,Channel C,6972,660,0.094664372,59.47,39250,12,4710,10,,Q4,3,40,2017,bw20,na
10/5/2017,Channel A,3319,789,0.237722205,63,49707,9,4474,10,,Q4,3,40,2017,bw20,na
10/5/2017,Channel D,6109,795,0.130135865,65.86,52359,20,10472,10,,Q4,3,40,2017,bw20,na
10/6/2017,Channel D,5317,719,0.135226632,66.49,47806,17,8127,10,,Q4,4,40,2017,bw20,na
10/6/2017,Channel C,3648,364,0.099780702,61.05,22222,10,2222,10,,Q4,4,40,2017,bw20,na
10/6/2017,Channel B,1780,239,0.134269663,73.24,17504,25,4376,10,,Q4,4,40,2017,bw20,na
10/6/2017,Channel A,2682,671,0.250186428,65.05,43649,4,1746,10,,Q4,4,40,2017,bw20,na
10/7/2017,Channel A,1452,336,0.231404959,60.81,20432,9,1839,10,,Q4,5,40,2017,bw20,na
10/7/2017,Channel D,2863,314,0.109675166,63.04,19795,18,3563,10,,Q4,5,40,2017,bw20,na
10/7/2017,Channel C,4359,353,0.080981877,61.15,21586,6,1295,10,,Q4,5,40,2017,bw20,na
10/7/2017,Channel B,1123,121,0.107747106,75.01,9076,17,1543,10,,Q4,5,40,2017,bw20,na
10/8/2017,Channel A,1679,386,0.229898749,60.86,23492,5,1175,10,,Q4,6,40,2017,bw20,na
10/8/2017,Channel B,1201,156,0.129891757,71.69,11184,29,3243,10,,Q4,6,40,2017,bw20,na
10/8/2017,Channel C,1896,228,0.120253165,59.79,13632,7,954,10,,Q4,6,40,2017,bw20,na
10/8/2017,Channel D,2872,321,0.111768802,60.56,19440,20,3888,10,,Q4,6,40,2017,bw20,na
10/9/2017,Channel D,5691,834,0.14654718,63.89,53284,13,6927,10,,Q4,0,41,2017,bw21,na
10/9/2017,Channel C,6489,753,0.116042534,57.81,43531,12,5224,10,,Q4,0,41,2017,bw21,na
10/9/2017,Channel B,1890,276,0.146031746,73.38,20253,30,6076,10,,Q4,0,41,2017,bw21,na
10/9/2017,Channel A,3376,866,0.256516588,60.42,52324,6,3139,10,,Q4,0,41,2017,bw21,na
10/10/2017,Channel B,2141,317,0.148061653,69.92,22165,31,6871,10,,Q4,1,41,2017,bw21,na
10/10/2017,Channel C,6541,589,0.090047393,55.36,32607,9,2935,10,,Q4,1,41,2017,bw21,na
10/10/2017,Channel A,3362,887,0.263831053,62.51,55446,4,2218,10,,Q4,1,41,2017,bw21,na
10/10/2017,Channel D,6284,878,0.139719924,64.92,57000,14,7980,10,,Q4,1,41,2017,bw21,na
10/11/2017,Channel D,6376,900,0.141154329,65.8,59220,12,7106,10,,Q4,2,41,2017,bw21,na
10/11/2017,Channel C,5778,564,0.09761163,57.02,32159,6,1930,10,,Q4,2,41,2017,bw21,na
10/11/2017,Channel B,2706,319,0.117886179,71.14,22694,33,7489,10,,Q4,2,41,2017,bw21,na
10/11/2017,Channel A,3573,946,0.264763504,61.63,58302,5,2915,10,,Q4,2,41,2017,bw21,na
10/12/2017,Channel A,3452,841,0.243626883,63.55,53446,8,4276,10,,Q4,3,41,2017,bw21,na
10/12/2017,Channel D,6145,811,0.131977217,67.39,54653,10,5465,10,,Q4,3,41,2017,bw21,na
10/12/2017,Channel C,6489,529,0.081522577,60.38,31941,8,2555,10,,Q4,3,41,2017,bw21,na
10/12/2017,Channel B,2179,299,0.137218908,74.61,22308,30,6693,10,,Q4,3,41,2017,bw21,na
10/13/2017,Channel A,3194,763,0.23888541,63.74,48634,6,2918,10,,Q4,4,41,2017,bw21,na
10/13/2017,Channel B,1840,279,0.151630435,73.96,20635,25,5159,10,,Q4,4,41,2017,bw21,na
10/13/2017,Channel C,3344,294,0.08791866,63.52,18675,11,2054,10,,Q4,4,41,2017,bw21,na
10/13/2017,Channel D,5611,729,0.129923365,66.31,48340,19,9185,10,,Q4,4,41,2017,bw21,na
10/14/2017,Channel D,3072,299,0.097330729,67.33,20132,17,3422,10,,Q4,5,41,2017,bw21,na
10/14/2017,Channel C,3492,254,0.072737686,59.97,15232,7,1066,10,,Q4,5,41,2017,bw21,na
10/14/2017,Channel B,1221,139,0.113841114,74.61,10371,15,1556,10,,Q4,5,41,2017,bw21,na
10/14/2017,Channel A,1620,374,0.230864198,61.17,22878,5,1144,10,,Q4,5,41,2017,bw21,na
10/15/2017,Channel B,1396,151,0.108166189,70.42,10633,26,2765,10,,Q4,6,41,2017,bw21,na
10/15/2017,Channel C,1730,186,0.107514451,57.86,10762,12,1291,10,,Q4,6,41,2017,bw21,na
10/15/2017,Channel A,1886,440,0.233297985,59.73,26281,9,2365,10,,Q4,6,41,2017,bw21,na
10/15/2017,Channel D,3218,378,0.117464264,63.55,24022,16,3844,10,,Q4,6,41,2017,bw21,na
10/16/2017,Channel D,7217,1046,0.144935569,63.11,66013,17,11222,10,,Q4,0,42,2017,bw21,na
10/16/2017,Channel C,6034,576,0.095459065,55.06,31715,5,1586,10,,Q4,0,42,2017,bw21,na
10/16/2017,Channel B,2211,324,0.146540027,71.32,23108,35,8088,10,,Q4,0,42,2017,bw21,na
10/16/2017,Channel A,3820,990,0.259162304,60.37,59766,4,2391,10,,Q4,0,42,2017,bw21,na
10/17/2017,Channel A,3440,882,0.256395349,61.32,54084,9,4868,10,,Q4,1,42,2017,bw21,na
10/17/2017,Channel D,6406,918,0.143303153,63.94,58697,19,11152,10,,Q4,1,42,2017,bw21,na
10/17/2017,Channel C,3754,328,0.087373468,57.65,18909,7,1324,10,,Q4,1,42,2017,bw21,na
10/17/2017,Channel B,4401,352,0.079981822,66.62,23450,35,8208,10,,Q4,1,42,2017,bw21,na
10/18/2017,Channel A,3467,878,0.25324488,61.54,54032,4,2161,10,,Q4,2,42,2017,bw21,na
10/18/2017,Channel B,2972,348,0.117092867,71.52,24889,27,6720,10,,Q4,2,42,2017,bw21,na
10/18/2017,Channel C,5689,534,0.093865354,56.32,30075,10,3007,10,,Q4,2,42,2017,bw21,na
10/18/2017,Channel D,6385,939,0.14706343,64.71,60763,15,9114,10,,Q4,2,42,2017,bw21,na
10/19/2017,Channel D,6280,849,0.135191083,66.23,56229,14,7872,10,,Q4,3,42,2017,bw21,na
10/19/2017,Channel C,6047,572,0.09459236,61.01,34898,5,1745,10,,Q4,3,42,2017,bw21,na
10/19/2017,Channel B,2439,341,0.139811398,75.83,25858,18,4654,10,,Q4,3,42,2017,bw21,na
10/19/2017,Channel A,3096,759,0.245155039,63.55,48234,5,2412,10,,Q4,3,42,2017,bw21,na
10/20/2017,Channel B,1981,283,0.142857143,77.21,21850,34,7429,10,,Q4,4,42,2017,bw21,na
10/20/2017,Channel C,3361,287,0.085391253,60.25,17292,12,2075,10,,Q4,4,42,2017,bw21,na
10/20/2017,Channel A,2547,664,0.260698861,64.35,42728,10,4273,10,,Q4,4,42,2017,bw21,na
10/20/2017,Channel D,5639,765,0.135662351,67.7,51790,12,6215,10,,Q4,4,42,2017,bw21,na
10/21/2017,Channel D,3116,296,0.094993582,65.48,19382,10,1938,10,,Q4,5,42,2017,bw21,na
10/21/2017,Channel C,4093,308,0.075250428,59.47,18317,6,1099,10,,Q4,5,42,2017,bw21,na
10/21/2017,Channel B,1316,156,0.118541033,70.97,11071,20,2214,10,,Q4,5,42,2017,bw21,na
10/21/2017,Channel A,1512,349,0.230820106,62.09,21669,8,1734,10,,Q4,5,42,2017,bw21,na
10/22/2017,Channel A,1643,414,0.251978089,61.75,25564,8,2045,10,,Q4,6,42,2017,bw21,na
10/22/2017,Channel D,2948,338,0.114654003,64.57,21825,12,2619,10,,Q4,6,42,2017,bw21,na
10/22/2017,Channel C,1804,210,0.116407982,58.72,12331,5,617,10,,Q4,6,42,2017,bw21,na
10/22/2017,Channel B,1228,139,0.113192182,69.13,9609,16,1537,10,,Q4,6,42,2017,bw21,na
10/23/2017,Channel A,3383,972,0.287318948,60.8,59098,7,4137,10,,Q4,0,43,2017,bw22,na
10/23/2017,Channel B,2138,325,0.152011225,75.08,24401,31,7564,10,,Q4,0,43,2017,bw22,na
10/23/2017,Channel C,6184,573,0.092658473,54.79,31395,11,3453,10,,Q4,0,43,2017,bw22,na
10/23/2017,Channel D,6368,924,0.145100503,64.45,59552,17,10124,10,,Q4,0,43,2017,bw22,na
10/24/2017,Channel D,6483,969,0.149467839,64.65,62646,11,6891,10,,Q4,1,43,2017,bw22,na
10/24/2017,Channel C,4444,445,0.100135014,58.29,25939,10,2594,10,,Q4,1,43,2017,bw22,na
10/24/2017,Channel B,2448,351,0.143382353,72.74,25532,28,7149,10,,Q4,1,43,2017,bw22,na
10/24/2017,Channel A,3430,959,0.279591837,60.73,58240,3,1747,10,,Q4,1,43,2017,bw22,na
10/25/2017,Channel B,2881,371,0.128774731,71.07,26367,25,6592,10,,Q4,2,43,2017,bw22,na
10/25/2017,Channel C,5854,519,0.088657328,57.36,29770,12,3572,10,,Q4,2,43,2017,bw22,na
10/25/2017,Channel A,3204,877,0.27372035,61.38,53830,10,5383,10,,Q4,2,43,2017,bw22,na
10/25/2017,Channel D,6184,861,0.139230272,64.84,55827,12,6699,10,,Q4,2,43,2017,bw22,na
10/26/2017,Channel D,5983,805,0.134547886,66.79,53766,14,7527,10,,Q4,3,43,2017,bw22,na
10/26/2017,Channel C,11075,628,0.056704289,61.58,38672,9,3481,10,,Q4,3,43,2017,bw22,na
10/26/2017,Channel B,2507,332,0.132429198,75.11,24937,15,3740,10,,Q4,3,43,2017,bw22,na
10/26/2017,Channel A,2952,807,0.273373984,63.89,51559,5,2578,10,,Q4,3,43,2017,bw22,na
10/27/2017,Channel A,2501,650,0.259896042,64.29,41789,5,2089,10,,Q4,4,43,2017,bw22,na
10/27/2017,Channel D,5150,672,0.130485437,69.05,46402,16,7424,10,,Q4,4,43,2017,bw22,na
10/27/2017,Channel C,3982,293,0.073581115,62.99,18456,11,2030,10,,Q4,4,43,2017,bw22,na
10/27/2017,Channel B,1928,250,0.12966805,76.58,19145,23,4403,10,,Q4,4,43,2017,bw22,na
10/28/2017,Channel A,1371,318,0.231947484,61.06,19417,8,1553,10,,Q4,5,43,2017,bw22,na
10/28/2017,Channel B,1265,130,0.102766798,73.38,9539,33,3148,10,,Q4,5,43,2017,bw22,na
10/28/2017,Channel C,4032,286,0.07093254,60.04,17171,12,2061,10,,Q4,5,43,2017,bw22,na
10/28/2017,Channel D,2861,288,0.100664103,64.38,18541,17,3152,10,,Q4,5,43,2017,bw22,na
10/29/2017,Channel D,2907,334,0.114895081,63.24,21122,18,3802,10,,Q4,6,43,2017,bw22,na
10/29/2017,Channel C,2072,204,0.098455598,61.08,12460,8,997,10,,Q4,6,43,2017,bw22,na
10/29/2017,Channel B,1335,114,0.085393258,70.75,8066,20,1613,10,,Q4,6,43,2017,bw22,na
10/29/2017,Channel A,1518,395,0.260210804,59.33,23435,3,703,10,,Q4,6,43,2017,bw22,na
10/30/2017,Channel B,2318,291,0.125539258,72.72,21162,17,3597,10,,Q4,0,44,2017,bw22,na
10/30/2017,Channel C,7500,587,0.078266667,54.65,32080,6,1925,10,,Q4,0,44,2017,bw22,na
10/30/2017,Channel A,3029,818,0.270056124,61.89,50626,5,2531,10,,Q4,0,44,2017,bw22,na
10/30/2017,Channel D,6234,888,0.142444658,63.74,56601,18,10188,10,,Q4,0,44,2017,bw22,na
10/31/2017,Channel D,5839,829,0.141976366,64.61,53562,15,8034,10,,Q4,1,44,2017,bw22,na
10/31/2017,Channel C,6055,483,0.079768786,60.01,28985,11,3188,10,,Q4,1,44,2017,bw22,na
10/31/2017,Channel B,2203,294,0.13345438,72.94,21444,34,7291,10,,Q4,1,44,2017,bw22,na
10/31/2017,Channel A,2844,778,0.273558368,61.76,48049,6,2883,10,,Q4,1,44,2017,bw22,na
11/1/2017,Channel A,3157,846,0.267975927,61.7,52198,5,2610,11,,Q4,2,44,2017,bw22,na
11/1/2017,Channel D,9234,1257,0.136127355,66.05,83025,19,15775,11,,Q4,2,44,2017,bw22,na
11/1/2017,Channel C,6766,542,0.080106414,55.79,30238,8,2419,11,,Q4,2,44,2017,bw22,na
11/1/2017,Channel B,2334,336,0.143958869,77.82,26148,17,4445,11,,Q4,2,44,2017,bw22,na
11/2/2017,Channel A,3190,787,0.246708464,63.31,49825,6,2989,11,,Q4,3,44,2017,bw22,na
11/2/2017,Channel B,2392,310,0.129598662,79.39,24611,16,3938,11,,Q4,3,44,2017,bw22,na
11/2/2017,Channel C,6921,540,0.078023407,58.75,31725,12,3807,11,,Q4,3,44,2017,bw22,na
11/2/2017,Channel D,11401,1575,0.138145777,66.81,105226,16,16836,11,,Q4,3,44,2017,bw22,na
11/3/2017,Channel D,10482,1401,0.133657699,67.04,93923,12,11271,11,,Q4,4,44,2017,bw22,na
11/3/2017,Channel C,7642,656,0.085841403,58.46,38350,7,2684,11,,Q4,4,44,2017,bw22,na
11/3/2017,Channel B,2076,264,0.12716763,76.9,20302,31,6293,11,,Q4,4,44,2017,bw22,na
11/3/2017,Channel A,2686,671,0.24981385,63.72,42756,10,4276,11,,Q4,4,44,2017,bw22,na
11/4/2017,Channel B,1339,135,0.100821509,76.43,10318,15,1548,11,,Q4,5,44,2017,bw22,na
11/4/2017,Channel C,4315,291,0.067439166,60.03,17469,8,1397,11,,Q4,5,44,2017,bw22,na
11/4/2017,Channel A,1620,315,0.194444444,63.34,19952,4,798,11,,Q4,5,44,2017,bw22,na
11/4/2017,Channel D,6141,646,0.105194594,65.01,41996,17,7139,11,,Q4,5,44,2017,bw22,na
11/5/2017,Channel D,6433,704,0.109435722,64.89,45683,19,8680,11,,Q4,6,44,2017,bw22,na
11/5/2017,Channel C,2360,222,0.094067797,59.76,13267,5,663,11,,Q4,6,44,2017,bw22,na
11/5/2017,Channel B,1381,155,0.112237509,76.04,11786,34,4007,11,,Q4,6,44,2017,bw22,na
11/5/2017,Channel A,1832,402,0.219432314,59.02,23726,5,1186,11,,Q4,6,44,2017,bw22,na
11/6/2017,Channel A,3393,897,0.264367816,61.38,55058,7,3854,11,,Q4,0,45,2017,bw23,na
11/6/2017,Channel D,11173,1734,0.155195561,64.88,112502,18,20250,11,,Q4,0,45,2017,bw23,na
11/6/2017,Channel C,6813,590,0.086599149,57.06,33665,5,1683,11,,Q4,0,45,2017,bw23,na
11/6/2017,Channel B,2277,285,0.12516469,76.59,21828,19,4147,11,,Q4,0,45,2017,bw23,na
11/7/2017,Channel A,3325,864,0.259849624,64.33,55581,6,3335,11,,Q4,1,45,2017,bw23,na
11/7/2017,Channel B,2363,306,0.129496403,77.64,23758,19,4514,11,,Q4,1,45,2017,bw23,na
11/7/2017,Channel D,11622,1681,0.144639477,64.99,109248,10,10925,11,,Q4,1,45,2017,bw23,na
11/7/2017,Channel C,4425,358,0.080903955,57.68,20649,9,1858,11,,Q4,1,45,2017,bw23,na
11/8/2017,Channel D,8297,1173,0.141376401,65.02,76268,16,12203,11,,Q4,2,45,2017,bw23,na
11/8/2017,Channel C,6423,480,0.074731434,60.11,28853,9,2597,11,,Q4,2,45,2017,bw23,na
11/8/2017,Channel B,3192,295,0.092418546,77.52,22868,22,5031,11,,Q4,2,45,2017,bw23,na
11/8/2017,Channel A,3407,876,0.257117699,62.47,54724,9,4925,11,,Q4,2,45,2017,bw23,na
11/9/2017,Channel B,2745,289,0.105282332,75.1,21704,18,3907,11,,Q4,3,45,2017,bw23,na
11/9/2017,Channel C,7400,541,0.073108108,62.2,33650,8,2692,11,,Q4,3,45,2017,bw23,na
11/9/2017,Channel A,3032,756,0.249340369,67.51,51038,6,3062,11,,Q4,3,45,2017,bw23,na
11/9/2017,Channel D,6570,857,0.1304414,66.4,56905,15,8536,11,,Q4,3,45,2017,bw23,na
11/10/2017,Channel D,5456,659,0.120784457,67.82,44693,17,7598,11,,Q4,4,45,2017,bw23,na
11/10/2017,Channel C,3871,283,0.073107724,64.92,18372,6,1102,11,,Q4,4,45,2017,bw23,na
11/10/2017,Channel B,2164,259,0.119685767,76.71,19868,25,4967,11,,Q4,4,45,2017,bw23,na
11/10/2017,Channel A,2509,612,0.243921881,67.07,41047,6,2463,11,,Q4,4,45,2017,bw23,na
11/11/2017,Channel A,1942,413,0.212667353,63.74,26325,4,1053,11,,Q4,5,45,2017,bw23,na
11/11/2017,Channel D,3254,296,0.090964966,65.42,19364,14,2711,11,,Q4,5,45,2017,bw23,na
11/11/2017,Channel C,3694,275,0.074445046,62.21,17108,8,1369,11,,Q4,5,45,2017,bw23,na
11/11/2017,Channel B,1542,140,0.09079118,76.73,10742,30,3223,11,,Q4,5,45,2017,bw23,na
11/12/2017,Channel A,1812,420,0.231788079,61.38,25780,3,773,11,,Q4,6,45,2017,bw23,na
11/12/2017,Channel B,1370,129,0.094160584,75.58,9750,21,2047,11,,Q4,6,45,2017,bw23,na
11/12/2017,Channel C,2051,196,0.09556314,62.73,12295,8,984,11,,Q4,6,45,2017,bw23,na
11/12/2017,Channel D,3234,342,0.105751391,65.28,22326,12,2679,11,,Q4,6,45,2017,bw23,na
11/13/2017,Channel D,6815,950,0.139398386,63.76,60572,12,7269,11,,Q4,0,46,2017,bw23,na
11/13/2017,Channel C,7047,643,0.091244501,56.69,36452,8,2916,11,,Q4,0,46,2017,bw23,na
11/13/2017,Channel B,2439,286,0.117261173,75.42,21570,20,4314,11,,Q4,0,46,2017,bw23,na
11/13/2017,Channel A,3475,934,0.268776978,61.72,57646,3,1729,11,,Q4,0,46,2017,bw23,na
11/14/2017,Channel B,3794,341,0.089878756,73.6,25098,15,3765,11,,Q4,1,46,2017,bw23,na
11/14/2017,Channel C,7811,703,0.09000128,61.12,42967,7,3008,11,,Q4,1,46,2017,bw23,na
11/14/2017,Channel A,3396,900,0.265017668,62.45,56205,3,1686,11,,Q4,1,46,2017,bw23,na
11/14/2017,Channel D,6632,933,0.140681544,64.18,59880,15,8982,11,,Q4,1,46,2017,bw23,na
11/15/2017,Channel D,6709,921,0.137278283,64.88,59754,15,8963,11,,Q4,2,46,2017,bw23,na
11/15/2017,Channel C,7768,755,0.097193615,57.69,43556,6,2613,11,,Q4,2,46,2017,bw23,na
11/15/2017,Channel B,3860,347,0.089896373,75.54,26212,22,5767,11,,Q4,2,46,2017,bw23,na
11/15/2017,Channel A,3517,894,0.254193915,63.89,57118,6,3427,11,,Q4,2,46,2017,bw23,na
11/16/2017,Channel A,3489,875,0.250788191,63.45,55519,10,5552,11,,Q4,3,46,2017,bw23,na
11/16/2017,Channel D,6893,948,0.137530828,67.54,64028,14,8964,11,,Q4,3,46,2017,bw23,na
11/16/2017,Channel C,10550,1040,0.098578199,61.6,64064,11,7047,11,,Q4,3,46,2017,bw23,na
11/16/2017,Channel B,8968,505,0.056311329,73.01,36870,25,9218,11,,Q4,3,46,2017,bw23,na
11/17/2017,Channel A,2894,695,0.240152039,65.61,45599,7,3192,11,,Q4,4,46,2017,bw23,na
11/17/2017,Channel B,3723,344,0.092398603,77.38,26619,31,8252,11,,Q4,4,46,2017,bw23,na
11/17/2017,Channel C,8226,745,0.090566496,60.94,45400,8,3632,11,,Q4,4,46,2017,bw23,na
11/17/2017,Channel D,6178,847,0.137099385,66.83,56605,18,10189,11,,Q4,4,46,2017,bw23,na
11/18/2017,Channel D,3928,400,0.101832994,65.63,26252,20,5250,11,,Q4,5,46,2017,bw23,na
11/18/2017,Channel C,5808,546,0.094008264,59.14,32290,12,3875,11,,Q4,5,46,2017,bw23,na
11/18/2017,Channel B,2127,214,0.100611189,73.58,15746,16,2519,11,,Q4,5,46,2017,bw23,na
11/18/2017,Channel A,1835,420,0.228882834,62.59,26288,5,1314,11,,Q4,5,46,2017,bw23,na
11/19/2017,Channel B,1961,244,0.124426313,67.39,16443,18,2960,11,,Q4,6,46,2017,bw23,na
11/19/2017,Channel C,7280,798,0.109615385,61.29,48909,8,3913,11,,Q4,6,46,2017,bw23,na
11/19/2017,Channel A,2197,556,0.253072371,61.12,33983,6,2039,11,,Q4,6,46,2017,bw23,na
11/19/2017,Channel D,4026,496,0.123199205,65.96,32716,15,4907,11,,Q4,6,46,2017,bw23,na
11/20/2017,Channel D,7539,1119,0.148428173,65.58,73384,11,8072,11,,Q4,0,47,2017,bw24,na
11/20/2017,Channel C,11620,1324,0.11394148,60.47,80062,6,4804,11,,Q4,0,47,2017,bw24,na
11/20/2017,Channel B,2775,394,0.141981982,71.37,28120,15,4218,11,,Q4,0,47,2017,bw24,na
11/20/2017,Channel A,3908,1034,0.264585466,64.23,66414,6,3985,11,,Q4,0,47,2017,bw24,na
11/21/2017,Channel A,3501,921,0.263067695,66.45,61200,3,1836,11,,Q4,1,47,2017,bw24,na
11/21/2017,Channel D,7363,1007,0.136764906,66.22,66684,16,10669,11,,Q4,1,47,2017,bw24,na
11/21/2017,Channel C,9835,1165,0.118454499,61.58,71741,8,5739,11,,Q4,1,47,2017,bw24,na
11/21/2017,Channel B,2362,304,0.128704488,70.12,21316,34,7248,11,,Q4,1,47,2017,bw24,na
11/22/2017,Channel A,2625,638,0.243047619,65.45,41757,5,2088,11,,Q4,2,47,2017,bw24,na
11/22/2017,Channel B,2155,234,0.108584687,73.52,17204,32,5505,11,,Q4,2,47,2017,bw24,na
11/22/2017,Channel C,7730,631,0.081630013,63.14,39841,8,3187,11,,Q4,2,47,2017,bw24,na
11/22/2017,Channel D,5979,712,0.119083459,69.08,49185,19,9345,11,,Q4,2,47,2017,bw24,na
11/23/2017,Channel D,2443,198,0.081047892,67.28,13321,15,1998,11,,Q4,3,47,2017,bw24,na
11/23/2017,Channel C,1725,99,0.057391304,66.31,6565,7,460,11,,Q4,3,47,2017,bw24,na
11/23/2017,Channel B,1048,74,0.070610687,79.87,5910,30,1773,11,,Q4,3,47,2017,bw24,na
11/23/2017,Channel A,1525,208,0.136393443,64.17,13347,6,801,11,,Q4,3,47,2017,bw24,na
11/24/2017,Channel B,1689,173,0.102427472,75.09,12991,32,4157,11,,Q4,4,47,2017,bw24,na
11/24/2017,Channel C,6343,422,0.066530033,59.62,25160,7,1761,11,,Q4,4,47,2017,bw24,na
11/24/2017,Channel A,2207,403,0.182600816,66.08,26630,5,1332,11,,Q4,4,47,2017,bw24,na
11/24/2017,Channel D,3874,332,0.085699535,67.63,22453,11,2470,11,,Q4,4,47,2017,bw24,na
11/25/2017,Channel D,3196,251,0.07853567,63.84,16024,12,1923,11,,Q4,5,47,2017,bw24,na
11/25/2017,Channel C,5292,302,0.057067271,58.24,17588,6,1055,11,,Q4,5,47,2017,bw24,na
11/25/2017,Channel B,1527,150,0.098231827,77.23,11584,23,2664,11,,Q4,5,47,2017,bw24,na
11/25/2017,Channel A,1704,320,0.187793427,63.42,20294,9,1826,11,,Q4,5,47,2017,bw24,na
11/26/2017,Channel A,1965,386,0.196437659,64.4,24858,4,994,11,,Q4,6,47,2017,bw24,na
11/26/2017,Channel D,3698,343,0.092752839,65.07,22319,18,4017,11,,Q4,6,47,2017,bw24,na
11/26/2017,Channel C,5928,462,0.077935223,63.55,29360,5,1468,11,,Q4,6,47,2017,bw24,na
11/26/2017,Channel B,1516,139,0.091688654,75.12,10442,23,2402,11,,Q4,6,47,2017,bw24,na
11/27/2017,Channel A,4426,1063,0.240171713,66.67,70870,8,5670,11,,Q4,0,48,2017,bw24,na
11/27/2017,Channel B,3289,338,0.102766798,79.96,27026,27,7297,11,,Q4,0,48,2017,bw24,na
11/27/2017,Channel D,7867,945,0.120122029,67.03,63343,19,12035,11,,Q4,0,48,2017,bw24,na
11/27/2017,Channel C,13922,1584,0.113776756,66.66,105589,8,8447,11,,Q4,0,48,2017,bw24,na
11/28/2017,Channel D,6851,832,0.121442125,68.1,56659,17,9632,11,,Q4,1,48,2017,bw24,na
11/28/2017,Channel C,11273,1087,0.096425086,60.69,65970,11,7257,11,,Q4,1,48,2017,bw24,na
11/28/2017,Channel B,2810,315,0.112099644,76.21,24006,16,3841,11,,Q4,1,48,2017,bw24,na
11/28/2017,Channel A,3530,849,0.240509915,64.42,54693,3,1641,11,,Q4,1,48,2017,bw24,na
11/29/2017,Channel D,6889,795,0.115401364,66.81,53114,11,5843,11,,Q4,2,48,2017,bw24,na
11/29/2017,Channel C,9897,848,0.08568253,59.75,50668,5,2533,11,,Q4,2,48,2017,bw24,na
11/29/2017,Channel B,2891,349,0.120719474,73.09,25508,35,8928,11,,Q4,2,48,2017,bw24,na
11/29/2017,Channel A,3916,905,0.231103166,67.88,61431,7,4300,11,,Q4,2,48,2017,bw24,na
11/30/2017,Channel D,7186,823,0.114528249,68.69,56532,16,9045,11,,Q4,3,48,2017,bw24,na
11/30/2017,Channel C,9797,1002,0.102276207,65.62,65751,8,5260,11,,Q4,3,48,2017,bw24,na
11/30/2017,Channel B,2962,400,0.135043889,76.07,30428,15,4564,11,,Q4,3,48,2017,bw24,na
11/30/2017,Channel A,3902,910,0.233213737,66.16,60206,4,2408,11,,Q4,3,48,2017,bw24,na
12/1/2017,Channel B,2751,380,0.138131589,72.47,27539,31,8537,12,,Q4,4,48,2017,bw24,na
12/1/2017,Channel C,8687,749,0.08622079,64.83,48558,11,5341,12,,Q4,4,48,2017,bw24,na
12/1/2017,Channel A,3648,744,0.203947368,65.48,48717,3,1462,12,,Q4,4,48,2017,bw24,na
12/1/2017,Channel D,6648,789,0.11868231,69.17,54575,17,9278,12,,Q4,4,48,2017,bw24,na
12/2/2017,Channel D,4226,369,0.087316611,65.21,24062,20,4812,12,,Q4,5,48,2017,bw24,na
12/2/2017,Channel C,7870,512,0.065057179,62.48,31990,8,2559,12,,Q4,5,48,2017,bw24,na
12/2/2017,Channel B,1703,202,0.11861421,68.89,13916,18,2505,12,,Q4,5,48,2017,bw24,na
12/2/2017,Channel A,2400,465,0.19375,65.18,30309,9,2728,12,,Q4,5,48,2017,bw24,na
12/3/2017,Channel A,2601,546,0.209919262,63.51,34676,4,1387,12,,Q4,6,48,2017,bw24,na
12/3/2017,Channel C,10070,829,0.082323734,62.51,51821,7,3627,12,,Q4,6,48,2017,bw24,na
12/3/2017,Channel B,1621,211,0.130166564,74.84,15791,25,3948,12,,Q4,6,48,2017,bw24,na
12/3/2017,Channel D,4275,440,0.102923977,65.41,28780,13,3741,12,,Q4,6,48,2017,bw24,na
12/4/2017,Channel D,7835,979,0.124952138,65.91,64526,17,10969,12,,Q4,0,49,2017,bw25,na
12/4/2017,Channel C,12361,1164,0.094167139,60.63,70573,7,4940,12,,Q4,0,49,2017,bw25,na
12/4/2017,Channel B,2665,404,0.151594747,78.77,31823,30,9547,12,,Q4,0,49,2017,bw25,na
12/4/2017,Channel A,4049,1022,0.252408002,65.84,67288,3,2019,12,,Q4,0,49,2017,bw25,na
12/5/2017,Channel C,14014,1234,0.088054802,61.85,76323,12,9159,12,,Q4,1,49,2017,bw25,na
12/5/2017,Channel A,4345,1079,0.248331415,65.58,70761,7,4953,12,,Q4,1,49,2017,bw25,na
12/5/2017,Channel D,7902,977,0.123639585,68.85,67266,12,8072,12,,Q4,1,49,2017,bw25,na
12/5/2017,Channel B,2940,469,0.15952381,74.6,34987,19,6648,12,,Q4,1,49,2017,bw25,na
12/6/2017,Channel A,4486,1092,0.243423986,66.25,72345,5,3617,12,,Q4,2,49,2017,bw25,na
12/6/2017,Channel B,8531,512,0.060016411,74.71,38252,34,13006,12,,Q4,2,49,2017,bw25,na
12/6/2017,Channel D,7866,997,0.126748029,67.87,67666,11,7443,12,,Q4,2,49,2017,bw25,na
12/6/2017,Channel C,12064,1154,0.095656499,65.24,75287,10,7529,12,,Q4,2,49,2017,bw25,na
12/7/2017,Channel D,7782,947,0.121691082,70,66290,11,7292,12,,Q4,3,49,2017,bw25,na
12/7/2017,Channel C,13851,1619,0.116886867,63.88,103422,8,8274,12,,Q4,3,49,2017,bw25,na
12/7/2017,Channel B,13463,748,0.055559682,76.44,57177,15,8577,12,,Q4,3,49,2017,bw25,na
12/7/2017,Channel A,4563,1110,0.243261012,66.21,73493,6,4410,12,,Q4,3,49,2017,bw25,na
12/8/2017,Channel D,7134,841,0.117886179,69.97,58845,10,5884,12,,Q4,4,49,2017,bw25,na
12/8/2017,Channel C,12003,1214,0.101141381,62.18,75487,8,6039,12,,Q4,4,49,2017,bw25,na
12/8/2017,Channel B,7330,631,0.086084584,72.17,45539,30,13662,12,,Q4,4,49,2017,bw25,na
12/8/2017,Channel A,4097,960,0.234317794,66.14,63494,6,3810,12,,Q4,4,49,2017,bw25,na
12/9/2017,Channel D,4687,511,0.109024963,68.22,34860,11,3835,12,,Q4,5,49,2017,bw25,na
12/9/2017,Channel C,12215,1143,0.093573475,64.43,73643,9,6628,12,,Q4,5,49,2017,bw25,na
12/9/2017,Channel B,3855,412,0.106874189,70.05,28861,34,9813,12,,Q4,5,49,2017,bw25,na
12/9/2017,Channel A,2893,628,0.2170757,67.09,42133,7,2949,12,,Q4,5,49,2017,bw25,na
12/10/2017,Channel B,3350,396,0.118208955,68.87,27273,24,6545,12,,Q4,6,49,2017,bw25,na
12/10/2017,Channel A,3323,767,0.230815528,64.81,49709,10,4971,12,,Q4,6,49,2017,bw25,na
12/10/2017,Channel D,4805,600,0.124869927,67.29,40374,16,6460,12,,Q4,6,49,2017,bw25,na
12/10/2017,Channel C,10727,1120,0.104409434,66.61,74603,6,4476,12,,Q4,6,49,2017,bw25,na
12/11/2017,Channel D,8741,1184,0.135453609,68.46,81057,19,15401,12,,Q4,0,50,2017,bw25,na
12/11/2017,Channel C,14497,1613,0.1112644,63.45,102345,10,10234,12,,Q4,0,50,2017,bw25,na
12/11/2017,Channel B,4779,691,0.144590919,68.95,47644,28,13340,12,,Q4,0,50,2017,bw25,na
12/11/2017,Channel A,5459,1392,0.254991757,65.84,91649,6,5499,12,,Q4,0,50,2017,bw25,na
12/12/2017,Channel D,8850,1193,0.13480226,68.77,82043,18,14768,12,,Q4,1,50,2017,bw25,na
12/12/2017,Channel C,11531,1266,0.109790998,65.75,83240,6,4994,12,,Q4,1,50,2017,bw25,na
12/12/2017,Channel B,8856,875,0.098803071,68.54,59973,22,13194,12,,Q4,1,50,2017,bw25,na
12/12/2017,Channel A,6396,1416,0.221388368,66.23,93782,5,4689,12,,Q4,1,50,2017,bw25,na
12/13/2017,Channel B,5951,756,0.127037473,73.19,55332,33,18259,12,,Q4,2,50,2017,bw25,na
12/13/2017,Channel D,8946,1179,0.131790744,70.15,82707,12,9925,12,,Q4,2,50,2017,bw25,na
12/13/2017,Channel C,13960,1505,0.107808023,66.5,100082,7,7006,12,,Q4,2,50,2017,bw25,na
12/13/2017,Channel A,6703,1515,0.226018201,67.79,102702,8,8216,12,,Q4,2,50,2017,bw25,na
12/14/2017,Channel C,31868,1747,0.054819882,67.53,117975,11,12977,12,,Q4,3,50,2017,bw25,na
12/14/2017,Channel B,5081,685,0.134815981,71.3,48840,17,8303,12,,Q4,3,50,2017,bw25,na
12/14/2017,Channel D,8837,1159,0.131153106,69.5,80550,19,15305,12,,Q4,3,50,2017,bw25,na
12/14/2017,Channel A,5721,1390,0.242964517,67.13,93311,3,2799,12,,Q4,3,50,2017,bw25,na
12/15/2017,Channel D,8436,1149,0.136201991,69.32,79649,17,13540,12,,Q4,4,50,2017,bw25,na
12/15/2017,Channel C,21234,2220,0.104549308,64.45,143079,12,17169,12,,Q4,4,50,2017,bw25,na
12/15/2017,Channel A,5523,1366,0.24732935,65.56,89555,5,4478,12,,Q4,4,50,2017,bw25,na
12/15/2017,Channel B,9557,1007,0.105367793,68.13,68607,30,20582,12,,Q4,4,50,2017,bw25,na
12/16/2017,Channel C,15610,1676,0.107367072,64.95,108856,9,9797,12,,Q4,5,50,2017,bw25,na
12/16/2017,Channel B,3766,616,0.163568773,65.45,40317,29,11692,12,,Q4,5,50,2017,bw25,na
12/16/2017,Channel A,4102,1015,0.247440273,64.58,65549,7,4588,12,,Q4,5,50,2017,bw25,na
12/16/2017,Channel D,5862,661,0.11276015,67.75,44783,17,7613,12,,Q4,5,50,2017,bw25,na
12/17/2017,Channel B,3206,547,0.170617592,66.21,36217,33,11952,12,,Q4,6,50,2017,bw25,na
12/17/2017,Channel C,16556,2018,0.121889345,66.73,134661,8,10773,12,,Q4,6,50,2017,bw25,na
12/17/2017,Channel A,4799,1153,0.240258387,64.16,73976,8,5918,12,,Q4,6,50,2017,bw25,na
12/17/2017,Channel D,5744,802,0.139623955,69.24,55530,15,8330,12,,Q4,6,50,2017,bw25,na
12/18/2017,Channel D,10592,1611,0.152095921,69.44,111868,19,21255,12,,Q4,0,51,2017,bw26,na
12/18/2017,Channel C,21165,2806,0.132577368,65.08,182614,10,18261,12,,Q4,0,51,2017,bw26,na
12/18/2017,Channel B,5169,938,0.181466435,69.61,65294,34,22200,12,,Q4,0,51,2017,bw26,na
12/18/2017,Channel A,7989,2024,0.253348354,64.26,130062,8,10405,12,,Q4,0,51,2017,bw26,na
12/19/2017,Channel D,10490,1573,0.149952336,69.82,109827,18,19769,12,,Q4,1,51,2017,bw26,na
12/19/2017,Channel C,23181,2893,0.124800483,66.05,191083,5,9554,12,,Q4,1,51,2017,bw26,na
12/19/2017,Channel B,4819,791,0.164141938,68.87,54476,25,13619,12,,Q4,1,51,2017,bw26,na
12/19/2017,Channel A,8292,1958,0.236131211,66.54,130285,7,9120,12,,Q4,1,51,2017,bw26,na
12/20/2017,Channel D,10533,1542,0.146397038,69.73,107524,18,19354,12,,Q4,2,51,2017,bw26,na
12/20/2017,Channel C,19904,2512,0.126205788,65.26,163933,5,8197,12,,Q4,2,51,2017,bw26,na
12/20/2017,Channel B,4791,781,0.163013985,69.6,54358,27,14677,12,,Q4,2,51,2017,bw26,na
12/20/2017,Channel A,7763,1911,0.246167719,67.26,128534,4,5141,12,,Q4,2,51,2017,bw26,na
12/21/2017,Channel A,6899,1625,0.235541383,66.54,108128,7,7569,12,,Q4,3,51,2017,bw26,na
12/21/2017,Channel B,4138,654,0.158047366,69.24,45283,25,11321,12,,Q4,3,51,2017,bw26,na
12/21/2017,Channel D,10252,1383,0.134900507,70.82,97944,11,10774,12,,Q4,3,51,2017,bw26,na
12/21/2017,Channel C,19106,2460,0.128755365,65.42,160933,12,19312,12,,Q4,3,51,2017,bw26,na
12/22/2017,Channel D,9106,1076,0.118163848,69.41,74685,10,7469,12,,Q4,4,51,2017,bw26,na
12/22/2017,Channel C,14833,1921,0.129508528,67.13,128957,9,11606,12,,Q4,4,51,2017,bw26,na
12/22/2017,Channel B,2961,432,0.145896657,66.54,28745,19,5462,12,,Q4,4,51,2017,bw26,na
12/22/2017,Channel A,5631,1214,0.215592257,66.46,80682,5,4034,12,,Q4,4,51,2017,bw26,na
12/23/2017,Channel A,4053,701,0.172958302,62.34,43700,10,4370,12,,Q4,5,51,2017,bw26,na
12/23/2017,Channel D,5872,543,0.092472752,66.95,36354,20,7271,12,,Q4,5,51,2017,bw26,na
12/23/2017,Channel C,9948,980,0.098512264,66.07,64749,7,4532,12,,Q4,5,51,2017,bw26,na
12/23/2017,Channel B,1855,236,0.12722372,63.99,15102,18,2718,12,,Q4,5,51,2017,bw26,na
12/24/2017,Channel B,1115,98,0.087892377,70.12,6872,33,2268,12,,Q4,6,51,2017,bw26,na
12/24/2017,Channel A,2000,319,0.1595,62.78,20027,6,1202,12,,Q4,6,51,2017,bw26,na
12/24/2017,Channel D,3335,271,0.08125937,65.73,17813,14,2494,12,,Q4,6,51,2017,bw26,na
12/24/2017,Channel C,4023,251,0.06239125,65.59,16463,6,988,12,,Q4,6,51,2017,bw26,na
12/25/2017,Channel A,1005,174,0.173134328,63.43,11037,6,662,12,,Q4,0,52,2017,bw26,na
12/25/2017,Channel B,976,79,0.080942623,77.75,6142,15,921,12,,Q4,0,52,2017,bw26,na
12/25/2017,Channel D,2084,158,0.075815739,65.93,10417,15,1563,12,,Q4,0,52,2017,bw26,na
12/25/2017,Channel C,1350,75,0.055555556,64.36,4827,8,386,12,,Q4,0,52,2017,bw26,na
12/26/2017,Channel D,4343,459,0.105687313,68.5,31442,12,3773,12,,Q4,1,52,2017,bw26,na
12/26/2017,Channel C,3759,296,0.078744347,60.8,17997,11,1980,12,,Q4,1,52,2017,bw26,na
12/26/2017,Channel B,2269,263,0.115910093,77.42,20361,21,4276,12,,Q4,1,52,2017,bw26,na
12/26/2017,Channel A,2427,524,0.215904409,65.11,34118,7,2388,12,,Q4,1,52,2017,bw26,na
12/27/2017,Channel D,5058,518,0.102412021,68.8,35638,10,3564,12,,Q4,2,52,2017,bw26,na
12/27/2017,Channel C,3324,308,0.092659446,60.61,18668,5,933,12,,Q4,2,52,2017,bw26,na
12/27/2017,Channel B,2997,367,0.122455789,75.22,27606,16,4417,12,,Q4,2,52,2017,bw26,na
12/27/2017,Channel A,2999,673,0.224408136,66.82,44970,6,2698,12,,Q4,2,52,2017,bw26,na
12/28/2017,Channel C,4119,410,0.099538723,63.59,26072,10,2607,12,,Q4,3,52,2017,bw26,na
12/28/2017,Channel D,4990,545,0.109218437,66.82,36417,17,6191,12,,Q4,3,52,2017,bw26,na
12/28/2017,Channel B,2827,337,0.119207641,74.88,25235,24,6056,12,,Q4,3,52,2017,bw26,na
12/28/2017,Channel A,2681,613,0.228646028,63.7,39048,7,2733,12,,Q4,3,52,2017,bw26,na
12/29/2017,Channel A,2368,559,0.236064189,62.21,34775,7,2434,12,,Q4,4,52,2017,bw26,na
12/29/2017,Channel B,2383,268,0.112463282,71.74,19226,15,2884,12,,Q4,4,52,2017,bw26,na
12/29/2017,Channel D,4657,475,0.101996994,66.77,31716,17,5392,12,,Q4,4,52,2017,bw26,na
12/29/2017,Channel C,2045,233,0.11393643,62.45,14551,8,1164,12,,Q4,4,52,2017,bw26,na
12/30/2017,Channel D,3150,249,0.079047619,66.16,16474,15,2471,12,,Q4,5,52,2017,bw26,na
12/30/2017,Channel C,2976,238,0.079973118,62.41,14854,11,1634,12,,Q4,5,52,2017,bw26,na
12/30/2017,Channel B,1688,145,0.085900474,68.88,9988,15,1498,12,,Q4,5,52,2017,bw26,na
12/30/2017,Channel A,1674,341,0.203703704,59.21,20191,3,606,12,,Q4,5,52,2017,bw26,na
12/31/2017,Channel D,2320,198,0.085344828,63.71,12615,14,1766,12,,Q4,6,52,2017,bw26,na
12/31/2017,Channel C,1322,115,0.08698941,56.51,6499,5,325,12,,Q4,6,52,2017,bw26,na
12/31/2017,Channel B,1311,108,0.082379863,72.06,7782,27,2101,12,,Q4,6,52,2017,bw26,na
12/31/2017,Channel A,1155,263,0.227705628,58.97,15509,10,1551,12,,Q4,6,52,2017,bw26,na
1/1/2018,Channel C,,,,,,,,1,,Q1,0,1,2018,bw1,na
1/1/2018,Channel D,,,,,,,,1,,Q1,0,1,2018,bw1,na
1/1/2018,Channel B,,,,,,,,1,,Q1,0,1,2018,bw1,na
1/1/2018,Channel A,,,,,,,,1,,Q1,0,1,2018,bw1,na
1/2/2018,Channel A,,,,,,,,1,,Q1,1,1,2018,bw1,na
1/2/2018,Channel B,,,,,,,,1,,Q1,1,1,2018,bw1,na
1/2/2018,Channel C,,,,,,,,1,,Q1,1,1,2018,bw1,na
1/2/2018,Channel D,,,,,,,,1,,Q1,1,1,2018,bw1,na
1/3/2018,Channel A,,,,,,,,1,,Q1,2,1,2018,bw1,na
1/3/2018,Channel B,,,,,,,,1,,Q1,2,1,2018,bw1,na
1/3/2018,Channel C,,,,,,,,1,,Q1,2,1,2018,bw1,na
1/3/2018,Channel D,,,,,,,,1,,Q1,2,1,2018,bw1,na
1/4/2018,Channel D,,,,,,,,1,,Q1,3,1,2018,bw1,na
1/4/2018,Channel A,,,,,,,,1,,Q1,3,1,2018,bw1,na
1/4/2018,Channel B,,,,,,,,1,,Q1,3,1,2018,bw1,na
1/4/2018,Channel C,,,,,,,,1,,Q1,3,1,2018,bw1,na
1/5/2018,Channel D,,,,,,,,1,,Q1,4,1,2018,bw1,na
1/5/2018,Channel C,,,,,,,,1,,Q1,4,1,2018,bw1,na
1/5/2018,Channel A,,,,,,,,1,,Q1,4,1,2018,bw1,na
1/5/2018,Channel B,,,,,,,,1,,Q1,4,1,2018,bw1,na
1/6/2018,Channel A,,,,,,,,1,,Q1,5,1,2018,bw1,na
1/6/2018,Channel B,,,,,,,,1,,Q1,5,1,2018,bw1,na
1/6/2018,Channel C,,,,,,,,1,,Q1,5,1,2018,bw1,na
1/6/2018,Channel D,,,,,,,,1,,Q1,5,1,2018,bw1,na
1/7/2018,Channel D,,,,,,,,1,,Q1,6,1,2018,bw1,na
1/7/2018,Channel A,,,,,,,,1,,Q1,6,1,2018,bw1,na
1/7/2018,Channel B,,,,,,,,1,,Q1,6,1,2018,bw1,na
1/7/2018,Channel C,,,,,,,,1,,Q1,6,1,2018,bw1,na
1/8/2018,Channel C,,,,,,,,1,,Q1,0,2,2018,bw1,na
1/8/2018,Channel D,,,,,,,,1,,Q1,0,2,2018,bw1,na
1/8/2018,Channel A,,,,,,,,1,,Q1,0,2,2018,bw1,na
1/8/2018,Channel B,,,,,,,,1,,Q1,0,2,2018,bw1,na
1/9/2018,Channel D,,,,,,,,1,,Q1,1,2,2018,bw1,na
1/9/2018,Channel C,,,,,,,,1,,Q1,1,2,2018,bw1,na
1/9/2018,Channel A,,,,,,,,1,,Q1,1,2,2018,bw1,na
1/9/2018,Channel B,,,,,,,,1,,Q1,1,2,2018,bw1,na
1/10/2018,Channel A,,,,,,,,1,,Q1,2,2,2018,bw1,na
1/10/2018,Channel B,,,,,,,,1,,Q1,2,2,2018,bw1,na
1/10/2018,Channel C,,,,,,,,1,,Q1,2,2,2018,bw1,na
1/10/2018,Channel D,,,,,,,,1,,Q1,2,2,2018,bw1,na
1/11/2018,Channel A,,,,,,,,1,,Q1,3,2,2018,bw1,na
1/11/2018,Channel B,,,,,,,,1,,Q1,3,2,2018,bw1,na
1/11/2018,Channel C,,,,,,,,1,,Q1,3,2,2018,bw1,na
1/11/2018,Channel D,,,,,,,,1,,Q1,3,2,2018,bw1,na
1/12/2018,Channel D,,,,,,,,1,,Q1,4,2,2018,bw1,na
1/12/2018,Channel C,,,,,,,,1,,Q1,4,2,2018,bw1,na
1/12/2018,Channel B,,,,,,,,1,,Q1,4,2,2018,bw1,na
1/12/2018,Channel A,,,,,,,,1,,Q1,4,2,2018,bw1,na
1/13/2018,Channel A,,,,,,,,1,,Q1,5,2,2018,bw1,na
1/13/2018,Channel B,,,,,,,,1,,Q1,5,2,2018,bw1,na
1/13/2018,Channel C,,,,,,,,1,,Q1,5,2,2018,bw1,na
1/13/2018,Channel D,,,,,,,,1,,Q1,5,2,2018,bw1,na
1/14/2018,Channel A,,,,,,,,1,,Q1,6,2,2018,bw1,na
1/14/2018,Channel B,,,,,,,,1,,Q1,6,2,2018,bw1,na
1/14/2018,Channel C,,,,,,,,1,,Q1,6,2,2018,bw1,na
1/14/2018,Channel D,,,,,,,,1,,Q1,6,2,2018,bw1,na
1/15/2018,Channel B,,,,,,,,1,,Q1,0,3,2018,bw2,na
1/15/2018,Channel C,,,,,,,,1,,Q1,0,3,2018,bw2,na
1/15/2018,Channel A,,,,,,,,1,,Q1,0,3,2018,bw2,na
1/15/2018,Channel D,,,,,,,,1,,Q1,0,3,2018,bw2,na
1/16/2018,Channel D,,,,,,,,1,,Q1,1,3,2018,bw2,na
1/16/2018,Channel C,,,,,,,,1,,Q1,1,3,2018,bw2,na
1/16/2018,Channel A,,,,,,,,1,,Q1,1,3,2018,bw2,na
1/16/2018,Channel B,,,,,,,,1,,Q1,1,3,2018,bw2,na
1/17/2018,Channel A,,,,,,,,1,,Q1,2,3,2018,bw2,na
1/17/2018,Channel B,,,,,,,,1,,Q1,2,3,2018,bw2,na
1/17/2018,Channel C,,,,,,,,1,,Q1,2,3,2018,bw2,na
1/17/2018,Channel D,,,,,,,,1,,Q1,2,3,2018,bw2,na
1/18/2018,Channel A,,,,,,,,1,,Q1,3,3,2018,bw2,na
1/18/2018,Channel B,,,,,,,,1,,Q1,3,3,2018,bw2,na
1/18/2018,Channel C,,,,,,,,1,,Q1,3,3,2018,bw2,na
1/18/2018,Channel D,,,,,,,,1,,Q1,3,3,2018,bw2,na
1/19/2018,Channel A,,,,,,,,1,,Q1,4,3,2018,bw2,na
1/19/2018,Channel B,,,,,,,,1,,Q1,4,3,2018,bw2,na
1/19/2018,Channel C,,,,,,,,1,,Q1,4,3,2018,bw2,na
1/19/2018,Channel D,,,,,,,,1,,Q1,4,3,2018,bw2,na
1/20/2018,Channel D,,,,,,,,1,,Q1,5,3,2018,bw2,na
1/20/2018,Channel C,,,,,,,,1,,Q1,5,3,2018,bw2,na
1/20/2018,Channel A,,,,,,,,1,,Q1,5,3,2018,bw2,na
1/20/2018,Channel B,,,,,,,,1,,Q1,5,3,2018,bw2,na
1/21/2018,Channel A,,,,,,,,1,,Q1,6,3,2018,bw2,na
1/21/2018,Channel B,,,,,,,,1,,Q1,6,3,2018,bw2,na
1/21/2018,Channel C,,,,,,,,1,,Q1,6,3,2018,bw2,na
1/21/2018,Channel D,,,,,,,,1,,Q1,6,3,2018,bw2,na
1/22/2018,Channel A,,,,,,,,1,,Q1,0,4,2018,bw2,na
1/22/2018,Channel B,,,,,,,,1,,Q1,0,4,2018,bw2,na
1/22/2018,Channel C,,,,,,,,1,,Q1,0,4,2018,bw2,na
1/22/2018,Channel D,,,,,,,,1,,Q1,0,4,2018,bw2,na
1/23/2018,Channel A,,,,,,,,1,,Q1,1,4,2018,bw2,na
1/23/2018,Channel B,,,,,,,,1,,Q1,1,4,2018,bw2,na
1/23/2018,Channel C,,,,,,,,1,,Q1,1,4,2018,bw2,na
1/23/2018,Channel D,,,,,,,,1,,Q1,1,4,2018,bw2,na
1/24/2018,Channel D,,,,,,,,1,,Q1,2,4,2018,bw2,na
1/24/2018,Channel C,,,,,,,,1,,Q1,2,4,2018,bw2,na
1/24/2018,Channel A,,,,,,,,1,,Q1,2,4,2018,bw2,na
1/24/2018,Channel B,,,,,,,,1,,Q1,2,4,2018,bw2,na
1/25/2018,Channel A,,,,,,,,1,,Q1,3,4,2018,bw2,na
1/25/2018,Channel B,,,,,,,,1,,Q1,3,4,2018,bw2,na
1/25/2018,Channel C,,,,,,,,1,,Q1,3,4,2018,bw2,na
1/25/2018,Channel D,,,,,,,,1,,Q1,3,4,2018,bw2,na
1/26/2018,Channel A,,,,,,,,1,,Q1,4,4,2018,bw2,na
1/26/2018,Channel B,,,,,,,,1,,Q1,4,4,2018,bw2,na
1/26/2018,Channel C,,,,,,,,1,,Q1,4,4,2018,bw2,na
1/26/2018,Channel D,,,,,,,,1,,Q1,4,4,2018,bw2,na
1/27/2018,Channel B,,,,,,,,1,,Q1,5,4,2018,bw2,na
1/27/2018,Channel A,,,,,,,,1,,Q1,5,4,2018,bw2,na
1/27/2018,Channel C,,,,,,,,1,,Q1,5,4,2018,bw2,na
1/27/2018,Channel D,,,,,,,,1,,Q1,5,4,2018,bw2,na
1/28/2018,Channel D,,,,,,,,1,,Q1,6,4,2018,bw2,na
1/28/2018,Channel C,,,,,,,,1,,Q1,6,4,2018,bw2,na
1/28/2018,Channel A,,,,,,,,1,,Q1,6,4,2018,bw2,na
1/28/2018,Channel B,,,,,,,,1,,Q1,6,4,2018,bw2,na
1/29/2018,Channel D,,,,,,,,1,,Q1,0,5,2018,bw3,na
1/29/2018,Channel A,,,,,,,,1,,Q1,0,5,2018,bw3,na
1/29/2018,Channel B,,,,,,,,1,,Q1,0,5,2018,bw3,na
1/29/2018,Channel C,,,,,,,,1,,Q1,0,5,2018,bw3,na
1/30/2018,Channel C,,,,,,,,1,,Q1,1,5,2018,bw3,na
1/30/2018,Channel D,,,,,,,,1,,Q1,1,5,2018,bw3,na
1/30/2018,Channel A,,,,,,,,1,,Q1,1,5,2018,bw3,na
1/30/2018,Channel B,,,,,,,,1,,Q1,1,5,2018,bw3,na
1/31/2018,Channel D,,,,,,,,1,,Q1,2,5,2018,bw3,na
1/31/2018,Channel C,,,,,,,,1,,Q1,2,5,2018,bw3,na
1/31/2018,Channel B,,,,,,,,1,,Q1,2,5,2018,bw3,na
1/31/2018,Channel A,,,,,,,,1,,Q1,2,5,2018,bw3,na
2/1/2018,Channel A,,,,,,,,2,,Q1,3,5,2018,bw3,na
2/1/2018,Channel B,,,,,,,,2,,Q1,3,5,2018,bw3,na
2/1/2018,Channel C,,,,,,,,2,,Q1,3,5,2018,bw3,na
2/1/2018,Channel D,,,,,,,,2,,Q1,3,5,2018,bw3,na
2/2/2018,Channel A,,,,,,,,2,,Q1,4,5,2018,bw3,na
2/2/2018,Channel B,,,,,,,,2,,Q1,4,5,2018,bw3,na
2/2/2018,Channel C,,,,,,,,2,,Q1,4,5,2018,bw3,na
2/2/2018,Channel D,,,,,,,,2,,Q1,4,5,2018,bw3,na
2/3/2018,Channel A,,,,,,,,2,,Q1,5,5,2018,bw3,na
2/3/2018,Channel B,,,,,,,,2,,Q1,5,5,2018,bw3,na
2/3/2018,Channel C,,,,,,,,2,,Q1,5,5,2018,bw3,na
2/3/2018,Channel D,,,,,,,,2,,Q1,5,5,2018,bw3,na
2/4/2018,Channel D,,,,,,,,2,,Q1,6,5,2018,bw3,na
2/4/2018,Channel C,,,,,,,,2,,Q1,6,5,2018,bw3,na
2/4/2018,Channel A,,,,,,,,2,,Q1,6,5,2018,bw3,na
2/4/2018,Channel B,,,,,,,,2,,Q1,6,5,2018,bw3,na
2/5/2018,Channel A,,,,,,,,2,,Q1,0,6,2018,bw3,na
2/5/2018,Channel B,,,,,,,,2,,Q1,0,6,2018,bw3,na
2/5/2018,Channel C,,,,,,,,2,,Q1,0,6,2018,bw3,na
2/5/2018,Channel D,,,,,,,,2,,Q1,0,6,2018,bw3,na
2/6/2018,Channel A,,,,,,,,2,,Q1,1,6,2018,bw3,na
2/6/2018,Channel B,,,,,,,,2,,Q1,1,6,2018,bw3,na
2/6/2018,Channel C,,,,,,,,2,,Q1,1,6,2018,bw3,na
2/6/2018,Channel D,,,,,,,,2,,Q1,1,6,2018,bw3,na
2/7/2018,Channel C,,,,,,,,2,,Q1,2,6,2018,bw3,na
2/7/2018,Channel D,,,,,,,,2,,Q1,2,6,2018,bw3,na
2/7/2018,Channel B,,,,,,,,2,,Q1,2,6,2018,bw3,na
2/7/2018,Channel A,,,,,,,,2,,Q1,2,6,2018,bw3,na
2/8/2018,Channel A,,,,,,,,2,,Q1,3,6,2018,bw3,na
2/8/2018,Channel B,,,,,,,,2,,Q1,3,6,2018,bw3,na
2/8/2018,Channel C,,,,,,,,2,,Q1,3,6,2018,bw3,na
2/8/2018,Channel D,,,,,,,,2,,Q1,3,6,2018,bw3,na
2/9/2018,Channel D,,,,,,,,2,,Q1,4,6,2018,bw3,na
2/9/2018,Channel A,,,,,,,,2,,Q1,4,6,2018,bw3,na
2/9/2018,Channel B,,,,,,,,2,,Q1,4,6,2018,bw3,na
2/9/2018,Channel C,,,,,,,,2,,Q1,4,6,2018,bw3,na
2/10/2018,Channel D,,,,,,,,2,,Q1,5,6,2018,bw3,na
2/10/2018,Channel C,,,,,,,,2,,Q1,5,6,2018,bw3,na
2/10/2018,Channel B,,,,,,,,2,,Q1,5,6,2018,bw3,na
2/10/2018,Channel A,,,,,,,,2,,Q1,5,6,2018,bw3,na
2/11/2018,Channel D,,,,,,,,2,,Q1,6,6,2018,bw3,na
2/11/2018,Channel A,,,,,,,,2,,Q1,6,6,2018,bw3,na
2/11/2018,Channel B,,,,,,,,2,,Q1,6,6,2018,bw3,na
2/11/2018,Channel C,,,,,,,,2,,Q1,6,6,2018,bw3,na
2/12/2018,Channel C,,,,,,,,2,,Q1,0,7,2018,bw4,na
2/12/2018,Channel D,,,,,,,,2,,Q1,0,7,2018,bw4,na
2/12/2018,Channel A,,,,,,,,2,,Q1,0,7,2018,bw4,na
2/12/2018,Channel B,,,,,,,,2,,Q1,0,7,2018,bw4,na
2/13/2018,Channel C,,,,,,,,2,,Q1,1,7,2018,bw4,na
2/13/2018,Channel D,,,,,,,,2,,Q1,1,7,2018,bw4,na
2/13/2018,Channel A,,,,,,,,2,,Q1,1,7,2018,bw4,na
2/13/2018,Channel B,,,,,,,,2,,Q1,1,7,2018,bw4,na
2/14/2018,Channel B,,,,,,,,2,,Q1,2,7,2018,bw4,na
2/14/2018,Channel C,,,,,,,,2,,Q1,2,7,2018,bw4,na
2/14/2018,Channel A,,,,,,,,2,,Q1,2,7,2018,bw4,na
2/14/2018,Channel D,,,,,,,,2,,Q1,2,7,2018,bw4,na
